2367 3850
272 233 340 272 20
705 231 1215 272 ANTHROPOLOGIA.
1280 235 1417 272 PARS
1456 230 1802 272 AN'ALYTICA.

271 385 456 452 tionis,
499 393 562 441 ut
597 382 996 458 distinguatur
1023 400 1060 440 a
1090 388 1317 454 natura,
1364 401 1525 483 quae·
1548 393 1637 441 est
1665 382 2027 482 principium
2051 383 2255 458 proxi·

270 491 432 530 mum
474 472 796 548 potentiae,
843 471 1211 547 operationis
1251 489 1395 531 vero
1437 471 1798 548 principium
1839 479 2128 529 remotum.

1030 642 1363 696 ARTICULUS
1403 651 1485 690 111.

271 755 369 846 DE
395 755 749 804 PRINCIPIO
778 714 1049 804 ULTIMO
1077 752 1594 804 OPERATIONUM
1614 752 2251 814 VEGETATIVARUM,

439 856 442 858 ’
635 835 821 884 SIVE
856 836 953 884 DE
989 835 1285 884 NATURA
1320 834 1853 885 VEGETANTIUM.

390 932 646 1012 Assertio
673 954 723 1010 J.
757 983 833 992 —
862 953 938 1010 In
979 953 1135 1010 omni
1171 953 1494 1026 organismo
1535 953 1941 1011 admittendum
1982 960 2065 1011 est
2074 955 2251 1030 prm-

271 1045 473 1118 cipium
513 1043 792 1118 quoddam
833 1043 1206 1100 substantzale
1236 1047 1294 1098 et
1318 1041 1597 1115 formale,
1640 1043 1795 1116 quod
1812 1045 1889 1100 sit
1901 1044 2253 1119 principium

269 1134 527 1190 ultimum
566 1133 953 1208 operatzonum
993 1132 1454 1204 vegetatz‘varum

393 1222 787 1280 Observatum
809 1221 970 1278 enim
991 1221 1280 1278 habemus
1296 1219 1676 1294 operationes
1691 1221 2089 1295 vegetantium
2108 1239 2251 1279 cum

257 1312 552 1386 finalitate
578 1328 816 1386 semper
845 1309 1108 1368 exerceri
1137 1311 1441 1367 intrinseca
1470 1319 1530 1367 et
1546 1309 1698 1366 mira
1717 1328 1851 1367 cum
1872 1313 2247 1370 constantza¹.

272 1400 454 1458 Cuius
496 1400 581 1458 rei
623 1399 805 1457 debet
841 1417 973 1456 esse
1015 1401 1185 1467 ratio,
1231 1407 1291 1457 et
1333 1397 1431 1455 illa
1474 1398 1717 1472 quidem
1759 1399 2072 1458 sufficiens

325 1499 328 1502 ’
391 1488 572 1546 Ratio
615 1498 811 1546 autem
840 1487 939 1545 illa
967 1487 1265 1546 sufficiens
1307 1506 1433 1545 non
1462 1487 1757 1546 invenitur
1784 1494 1955 1544 extra
1992 1491 2251 1562 organis-

272 1597 442 1646 mum,
485 1595 682 1652 neque
720 1577 782 1633 in
812 1575 1270 1634 condicionibus
1299 1575 1499 1647 medii,
1544 1577 1607 1632 in
1637 1575 1849 1650 quibus
1878 1577 2251 1652 organismus

273 1677 551 1736 versatur,
581 1683 780 1766 neque
809 1665 871 1722 in
900 1666 1053 1723 Deo.
1113 1667 1256 1723 Hoc
1284 1665 1447 1723 enim
1475 1665 1837 1724 sufficienter
1863 1676 2026 1742 patet
2056 1685 2129 1725 ex
2158 1668 2247 1738 iis,

274 1773 428 1831 quae
471 1756 547 1814 de
590 1753 897 1830 principiis
938 1754 1354 1829 operationum
1397 1771 1715 1830 corporum
1763 1755 1823 1812 in
1880 1757 2251 1832 cosmologia

273 1845 762 1904 declaravimus,
727 1845 748 1876 ²
826 1845 932 1900 Est
960 1842 1260 1918 proinde'
1245 1862 1308 1900 ιιι
1336 1844 1466 1944 ipso
1500 1843 1841 1918 organismo
1883 1847 2249 1920 quaerenda.

394 1936 485 1993 Ibi
525 1952 670 1993 vero
713 1935 908 1991 ultimo
935 1951 1063 1991 non
1103 1933 1400 1992 invenitur
1441 1933 1504 1990 in
1532 1933 1990 1993 condicionibus
2027 1946 2251 1994 atomo·

273 2043 404 2082 rum
459 2023 742 2082 materiae
799 2022 1178 2097 organizatae
1235 2023 1329 2080 vel
1386 2022 1450 2078 in
1506 2022 1758 2094 viribuS,
1822 2040 1976 2098 quae
2032 2042 2109 2081 ex
2160 2024 2249 2083 his

274 2124 607 2171 atomorum
650 2111 896 2171 diversis
943 2110 1487 2169 combinationibus
1530 2110 1813 2169 oriuntur.
1900 2111 1961 2169 Si
2004 2112 2248 2187 quidem

276 2202 544 2278 quaestio
586 2200 856 2277 praecise
884 2200 1126 2277 ponitur
1169 2201 1329 2258 circa
1356 2198 1717 2275 principium
1760 2201 2058 2258 internum
2103 2202 2251 2275 ipsa·

275 2310 407 2349 rum
434 2291 665 2349 illarum
695 2290 1122 2350 condicionum
1151 2299 1211 2347 et
1239 2289 1501 2364 ipsarum
1529 2289 1759 2347 illarum
1789 2288 2017 2348 virium.
2076 2290 2249 2349 Modi

275 2380 436 2439 enim
478 2379 560 2437 illi
603 2396 811 2438 omnes
853 2380 1091 2438 essendi
1132 2380 1227 2437 vel
1270 2377 1676 2453 operationes,
1734 2396 1871 2436 cum
1912 2378 1974 2435 in
2018 2396 2082 2437 se
2126 2398 2249 2437 non

273 2470 391 2528 sint
432 2468 842 2541 subsistentes,
901 2468 1008 2527 sed
1050 2468 1165 2529 sint
1208 2468 1377 2537 alius,
1422 2467 1735 2525 inhaerere
1777 2468 2004 2525 debent
2044 2468 2249 2526 ultimo

275 2559 449 2617 alicui
491 2557 820 2634 principi0,
881 2558 1045 2632 quod
1087 2556 1150 2614 in
1192 2574 1255 2615 se
1310 2556 1587 2615 subsistat
1641 2566 1700 2615 et
1756 2556 1920 2631 quod
1975 2556 2249 2616 entitates

274 2650 402 2706 illas
459 2647 536 2706 ad
578 2648 758 2705 talem
808 2647 1052 2705 modum
1093 2645 1332 2705 essendi
1384 2645 1755 2705 determinet.
1839 2646 1989 2704 Aliis
2032 2648 2247 2718 verbiS,

273 2748 338 2795 ut
377 2736 526 2795 ratio
582 2735 879 2794 sufficiens
935 2746 995 2794 et
1034 2746 1281 2793 naturae
1323 2744 1383 2793 et
1424 2734 1795 2793 exsistentiae
1852 2744 1911 2793 et
1950 2734 2249 2793 finalitatis

276 2837 335 2885 et
377 2825 743 2884 constantiae
786 2824 1201 2900 operationum
1241 2823 1470 2882 illarum
1514 2824 1863 2895 declaretur,
1911 2824 2246 2899 requiritur,

274 2926 338 2973 ut
379 2916 441 2973 in
483 2914 648 2973 omni
700 2913 1042 2989 organismo
1097 2913 1170 2972 sit
1212 2912 1535 2971 substantia
1590 2914 1917 2988 quaedam,
1976 2918 2135 2988 quae
2190 2924 2248 2971 ut

273 3003 632 3079 principium
675 3003 941 3073 formale,
995 3002 1074 3060 ad
1115 3003 1309 3061 taliter
1349 3003 1445 3061 vel
1486 3002 1680 3061 taliter
1722 3003 2018 3061 constanti
2060 3003 2246 3061 modo

274 3093 573 3167 agendum
616 3093 689 3151 sit
727 3094 1020 3161 mclinata,
1064 3092 1145 3150 ita
1185 3103 1251 3150 ut
1290 3101 1454 3151 recte
1498 3092 1729 3151 dicatur
1768 3100 2041 3151 natura.
2002 3092 2025 3125 ²

399 3251 414 3283 ¹
454 3253 532 3302 Cf.
572 3269 724 3317 supra
758 3269 809 3317 p.
856 3265 932 3315 13,
972 3252 1090 3301 item
1125 3252 1227 3302 vol.
1266 3253 1305 3313 I,
1347 3252 1467 3315 382.

396 3331 418 3363 ²
457 3334 537 3382 Cf.
588 3333 689 3381 vol.
743 3333 794 3391 1,
850 3334 968 3395 364.
1010 3333 1127 3395 365.
1170 3333 1289 3395 366.
1366 3333 1491 3381 Item
1532 3333 1746 3382 Mercier
1794 3333 1825 3381 l.
1867 3348 1909 3381 c.
1950 3350 2012 3397 p.
2063 3342 2129 3395 57
2172 3351 2241 3399 sq.

276 3414 508 3472 Lehmen,
547 3412 821 3461 Lehrbuch
861 3412 952 3459 der
988 3412 1314 3476 Philosophie
1353 3412 1391 3472 Ι,
1438 3412 1537 3462 180
1574 3428 1649 3476 sq.

2334 1613 2360 1912 '

2339 3318 2361 3809 ἱ
