2367 3850
295 238 398 286 218
929 251 1263 288 THEOLOGIA
1302 251 1642 290 NATURALIS.

293 396 552 456 mediate
607 398 838 456 moveri
882 398 960 456 ad
1015 409 1213 456 actum
1274 418 1570 458 concursu
1630 401 1841 459 saltem
1904 401 2288 470 simultane-0,

292 486 406 545 nisi
447 486 820 546 admittenda
860 487 934 546 sit
973 487 1309 562 praemotio
1352 489 1599 564 physica
1628 490 1661 548 ¹.

413 606 488 662 II.
535 614 622 663 De
661 614 1049 663 controversia
1087 614 1237 664 circa
1274 623 1530 664 naturam
1570 629 1887 664 concursus
1928 616 2041 664 Dei
2090 615 2286 662 imme-

292 695 426 743 diati
461 693 520 743 in
558 694 896 753 actionibu8‚
934 695 1262 757 praesertim
1300 694 1505 754 liberis,
1546 703 1943 744 creaturarum.

414 800 490 859 A.
550 799 911 857 Declaratur
964 802 1241 857 sententia
1295 801 1729 859 molinistarum.
1815 801 2172 858 Molinistae
2216 801 2289 857 ad

293 888 576 947 tuendam
637 888 972 948 libertatem
1031 888 1325 961 hominis,
1400 908 1579 964 quam
1653 909 1789 948 cum
1857 888 2287 966 praemotione

292 978 538 1053 physica
581 988 734 1036 stare
777 995 901 1037 non
942 996 1118 1054 posse
1163 987 1487 1052 autumant,
1531 997 1888 1038 concursum
1918 980 2043 1036 Dei
2084 979 2287 1036 imme-
2343 1051 2344 1054 Ἴ

292 1066 534 1138 diatum‚
577 1068 641 1124 in
682 1067 1016 1126 actionibus
1057 1069 1410 1142 praesertim
1454 1067 1654 1126 liberis
1685 1078 2117 1139 creaturarum,
2163 1085 2287 1124 non
2343 1089 2344 1092 ¹

293 1155 404 1214 nisi
457 1155 872 1215 simultaneum
929 1175 1057 1215 esse
1113 1156 1503 1215 contendunt.
1590 1157 1790 1230 Quam
1848 1156 2103 1231 quidem
2162 1175 2285 1214 sen-

293 1245 536 1304 tentiam
565 1246 928 1320 argumentis
956 1246 1278 1322 praecipue
1307 1245 1611 1305 indirectis
1642 1248 1995 1305 confirmare
2018 1245 2283 1312 student,
2343 1285 2344 1292 κ

293 1335 409 1392 hoc
451 1335 636 1393 modo
679 1336 1017 1410 arguendo:

420 1445 469 1481 1.
532 1419 927 1499 (Argumento
982 1419 1305 1500 negativo.)
1367 1425 1706 1483 Praemotio
1764 1425 2009 1501 physica
2070 1421 2281 1480 thomi-

293 1524 514 1571 starum
555 1515 717 1571 nulla
759 1514 988 1572 ratione
1032 1513 1344 1572 evidenter
1385 1514 1689 1589 probatur.
1758 1513 2074 1572 Potissima
2120 1511 2280 1570 enim

293 1622 366 1661 ex
421 1601 490 1660 iis
544 1602 872 1662 rationibus
927 1613 1045 1673 est,
1108 1614 1172 1660 ut
1230 1613 1519 1680 appareat
1576 1605 1773 1661 Deum
1828 1621 1959 1661 esse
2014 1603 2277 1678 primum
2343 1615 2344 1622 ¹

293 1702 586 1750 motorem
628 1691 894 1750 omnium
936 1693 1256 1767 agentium.
1341 1692 1461 1750 Sed
1503 1691 1629 1750 sine
1672 1691 2093 1767 praemotione
2139 1691 2278 1766 phy-

293 1782 415 1839 sica
468 1780 586 1839 hoc
641 1779 1002 1839 sufficienter
1058 1799 1353 1856 apparere
1408 1791 1621 1857 potest.
1708 1781 1947 1838 Etenim
2009 1798 2273 1838 «summa

293 1869 747 1946 uniuscuiusque
788 1870 874 1928 rei
905 1889 940 1927 a
966 1871 1121 1942 De0‚
1165 1869 1363 1946 primo
1392 1880 1625 1928 motore
1656 1869 1717 1927 in
1747 1869 2006 1946 agend0,
2050 1871 2274 1945 depen-

294 1959 497 2019 dentia
539 1960 900 2017 sufficienter
941 1968 1123 2034 patet,
1169 1960 1219 2017 si
1260 1958 1548 2017 docemus
1589 1960 1769 2017 haec:

420 2042 509 2123 «a)
567 2047 778 2105 Omnis
843 2058 1112 2106 creatura
1180 2066 1293 2105 esse
1347 2066 1513 2105 suum
1572 2059 1629 2107 et
1684 2044 1994 2106 facultates
2050 2044 2269 2123 agendi

293 2136 403 2195 sibi
446 2138 742 2195 naturales
785 2136 967 2195 debet
1008 2138 1162 2195 Deo,

420 2219 515 2299 (ὼ)
560 2226 736 2283 Nulla
778 2236 1046 2284 creatura
1089 2226 1166 2284 de
1210 2224 1478 2300 potentia
1519 2227 1598 2284 ad
1641 2226 1942 2301 agendum
1999 2226 2269 2285 nondum

293 2315 558 2390 perfecta
601 2313 678 2372 ad
732 2323 975 2385 statum,
1040 2316 1102 2372 in
1160 2333 1281 2389 quo
1324 2314 1402 2373 ad
1445 2314 1745 2389 agendum
1789 2314 1850 2372 in
1894 2332 2001 2373 suo
2057 2315 2268 2374 ordine

293 2404 559 2479 perfecte
602 2403 882 2478 expedita
923 2414 1038 2473 est,
1095 2402 1349 2461 transire
1390 2413 1615 2478 potest,
1659 2403 1773 2461 nisi
1814 2405 1979 2462 Deus
2022 2406 2123 2462 vel
2168 2423 2269 2479 per

294 2512 356 2551 se
413 2493 603 2550 solum
657 2492 752 2550 vel
808 2509 916 2567 per
973 2502 1272 2551 creaturas
1328 2512 1363 2549 a
1424 2502 1569 2551 nutu
1627 2494 1944 2551 voluntatis
2005 2511 2151 2552 suae
2213 2493 2267 2548 in
2343 2510 2344 2521 ¹

293 2582 548 2640 essendo
591 2591 652 2639 et
695 2581 932 2655 agendo
974 2580 1314 2655 pendentes
1356 2598 1491 2639 eam
1532 2580 1777 2657 physice
1820 2593 2192 2655 praemovet.

419 2664 510 2745 «c)
555 2670 839 2727 Creatura
883 2668 944 2725 in
987 2688 1092 2727 suo
1136 2668 1348 2728 ordine
1390 2668 1468 2727 ad
1511 2670 1813 2745 agendum
1856 2671 2128 2745 perfecte
2184 2689 2267 2729 ex·
2343 2682 2344 2687 ’

293 2759 496 2835 pedita
539 2760 760 2816 nullam
802 2758 1100 2817 actionem
1145 2758 1332 2835 ponit,
1380 2759 1494 2818 nisi
1538 2760 1702 2817 Deus
1736 2759 2075 2817 realitatem
2119 2760 2266 2835 posi-

294 2848 470 2907 tivam
514 2848 683 2906 huius
725 2848 977 2907 actionis
1019 2850 1235 2908 eodem
1279 2867 1401 2923 quo
1458 2860 1727 2907 creatura
1782 2848 1904 2924 agit
1959 2860 2265 2908 momento

291 2937 355 2995 in
392 2938 604 2997 ordine
635 2956 847 2996 causae
875 2938 1103 3014 primae
1134 2936 1428 2996 coefficiat
1460 2982 1471 2995 .
1507 2984 1518 2995 .
1554 2983 1565 2995 .
1600 2948 1889 3012 quatenus
1916 2937 2263 2995 simultanee

292 3028 550 3085 coefficit
581 3029 853 3085 actualem
881 3028 1306 3104 applicationem
1321 3027 1633 3101 facultatis
1660 3033 1957 3083 creaturae
1983 3028 2046 3083 in
2074 3028 2264 3085 ordine

291 3136 390 3174 suo
426 3118 636 3175 actioni
665 3116 920 3192 perfecte
951 3118 1415 3192 proportionatae
1451 3126 1694 3174 volendo
1737 3118 2006 3173 actionem
2048 3118 2217 3174 eius.»
2246 3116 2263 3147 ²

419 3274 436 3305 ¹
473 3277 524 3324 S.
573 3278 774 3335 Thon,
829 3276 878 3325 S.
920 3276 1074 3324 theol.
1113 3277 1164 3336 I,
1206 3277 1282 3336 ΙΙ,
1324 3293 1371 3340 q.
1412 3289 1472 3337 9,
1528 3294 1572 3325 a.
1612 3276 1645 3325 6
1673 3292 1749 3325 c.:
1804 3275 1984 3326 Utrum
2035 3277 2259 3326 voluntas
2343 3242 2344 3301 i

293 3362 554 3402 moveatur
589 3372 618 3402 a
657 3355 771 3403 Deo
809 3356 921 3403 solo
960 3356 1086 3403 sicut
1124 3356 1189 3403 ab
1229 3356 1475 3405 exteriore
1513 3356 1779 3422 principio.

413 3430 434 3461 ²
473 3433 690 3481 Boedder
724 3434 756 3480 1.
799 3450 839 3483 c.
880 3451 930 3497 p.
971 3447 1086 3497 319.
