2367 3850
867 213 949 248 DE
991 213 1359 250 VOLUNTATE
1400 215 1519 250 DEI.
2114 218 2215 269 245

266 377 320 414 2.
367 358 740 431 Benzgnitas
771 354 1090 434 (bonitas),
1125 361 1299 418 cuius
1328 363 1698 437 praecipuus
1728 375 1895 421 actus
1916 375 2005 421 est
2024 383 2215 435 amor,

143 463 262 518 quo
307 447 488 504 Deus
517 446 602 503 in
645 466 768 505 nos
815 449 1028 506 fertur.
1119 450 1233 507 Est
1275 459 1481 508 autem
1538 451 1701 508 iuxta
1746 453 2051 510 Lessium:
2114 471 2217 510 na·

141 534 346 592 turalis
389 534 528 593 eius
573 536 926 611 propensio
972 537 1059 596 ad
1105 539 1699 596 communicandum
1733 558 1799 598 se
1828 539 2212 599 inferioribus

139 641 242 680 seu
287 624 594 682 creaturis
639 643 762 699 pro
807 635 998 701 captu
1042 625 1362 700 cuiusque.

259 713 420 770 Esse
466 714 680 771 Deum
723 713 1092 788 benignum,
1139 715 1368 772 scimus
1411 733 1540 772 non
1584 717 1781 773 solum
1815 736 1852 774 a
1883 717 2091 791 priori,
2136 736 2210 774 ex

141 820 214 859 eo
256 801 536 872 scilicet,
599 802 778 876 quod
821 803 1029 862 omnis
1079 803 1389 878 perfectio
1446 805 1709 879 simplex
1764 805 1821 862 ei
1877 805 2207 864 convenire

143 891 344 960 debet,
392 891 511 949 sed
557 892 750 949 etiam
794 911 834 948 a
876 891 1213 967 posteriori
1256 910 1333 950 ex
1371 893 1692 950 effectibus
1720 913 1759 950 a
1786 894 1924 951 Deo
1952 892 2017 949 in
2046 911 2207 950 crea-

140 978 281 1037 turis
324 977 678 1054 productis.
759 980 1014 1052 Quanta
1058 998 1213 1038 vero
1258 980 1322 1038 in
1364 980 1455 1039 his
1499 980 1784 1039 omnibus
1826 981 1901 1037 sit
1943 981 2061 1038 Dei
2104 981 2203 1039 be·

140 1067 424 1142 nignitas,
471 1079 746 1144 apparet
787 1070 889 1128 vel
933 1071 1071 1127 solo
1117 1069 1375 1127 rationis
1416 1070 1647 1128 lumine
1681 1069 1901 1143 cuique
1931 1069 2201 1127 conside-

139 1157 321 1214 ranti:
393 1156 599 1231 qualis
659 1157 736 1215 sit
794 1157 904 1232 qui
962 1168 1132 1216 amat
1190 1175 1306 1216 nos
1324 1203 1339 1228 ,
1402 1159 1615 1232 quales
1659 1157 1779 1215 sint
1822 1175 1973 1231 quos
2015 1167 2193 1227 amat,

141 1245 342 1319 qualia
369 1247 551 1304 bona
571 1247 878 1318 conferat,
912 1264 1192 1322 quonam
1214 1249 1337 1304 fine
1358 1242 1592 1320 (ultimo
1614 1243 1997 1320 secundario)
2017 1257 2191 1304 amet.

257 1335 386 1393 Sed
431 1335 599 1395 haec
645 1335 864 1393 omnia
905 1335 1248 1406 beneficia,
1309 1335 1421 1394 etsi
1463 1334 1685 1393 rationi
1729 1335 2027 1392 humanae
2082 1345 2193 1391 stu-

139 1423 376 1498 penda,
447 1443 648 1498 parva
691 1433 835 1481 sunt
877 1435 942 1482 et
985 1423 1209 1481 nullius
1253 1423 1579 1493 momenti,
1640 1423 1689 1481 si
1742 1441 1879 1480 cum
1921 1421 1991 1480 iis
2034 1440 2192 1480 com-

137 1521 448 1586 parantur,
503 1530 670 1586 quae
713 1530 830 1588 per
874 1512 1191 1571 Christum
1233 1513 1437 1570 Iesum
1486 1510 1785 1570 «maxima
1825 1521 1886 1569 et
1927 1509 2189 1586 pretiosa

137 1599 314 1659 nobis
360 1601 676 1676 promissa
719 1601 1016 1659 donavit»
1067 1595 1127 1676 (2
1173 1602 1333 1659 Petr.
1387 1620 1411 1657 1
1434 1645 1450 1672 ,
1494 1595 1557 1675 4)
1602 1600 1665 1658 in
1723 1599 1937 1657 ordine
1988 1617 2185 1674 super-

137 1690 428 1748 naturali:
483 1690 629 1747 «Sic
674 1689 845 1748 enim
876 1692 1052 1749 Deus
1082 1690 1296 1747 dilexit
1322 1690 1634 1761 mundum,
1679 1699 1744 1746 ut
1771 1687 1981 1745 Filium
2013 1706 2179 1745 suum

138 1778 524 1854 unigenitum
569 1768 788 1837 daret»
841 1773 955 1854 (Io.
1003 1797 1062 1852 3,
1115 1773 1232 1853 16).

254 1868 365 1927 Ad
409 1868 581 1927 hanc
625 1867 752 1927 Dei
797 1867 1087 1926 virtutem
1129 1877 1495 1926 revocantur
1537 1865 1894 1942 praecipue:

254 1951 315 2032 a)
361 1958 754 2027 Liberalitas,
802 1975 966 2032 quae
1001 1965 1093 2015 est
1122 1956 1243 2015 Dei
1273 1954 1633 2031 benignitaS,
1679 1964 1972 2030 quatenus
2012 1954 2174 2013 bona

136 2065 240 2105 sua
281 2046 560 2105 libenter
602 2055 666 2105 et
710 2046 1106 2104 abundanter
1149 2045 1399 2120 largitur
1441 2045 1574 2103 solo
1628 2062 1837 2101 amore
1893 2042 2169 2101 bonitatis

137 2134 429 2211 propriae
476 2134 951 2193 diffundendae.

251 2221 318 2299 b)
363 2224 848 2299 Magnfficentia‚
896 2224 994 2282 vel
1025 2218 1146 2281 Dei
1190 2220 1551 2297 benignitas,
1598 2230 1887 2297 quatenus
1923 2240 2015 2280 res
2044 2241 2160 2280 ma-

133 2333 282 2388 gnas
327 2324 392 2372 et
435 2313 717 2371 excelsas
761 2310 827 2370 in
869 2312 1191 2381 utilitatem
1236 2322 1504 2370 nostram
1549 2310 1903 2386 exsequitur.

253 2397 312 2477 c)
357 2402 786 2459 Mscrzkordia
829 2411 922 2460 est
964 2400 1086 2459 Dei
1130 2401 1488 2475 benignitaS,
1539 2410 1829 2474 quatenus
1871 2418 1979 2475 per
2021 2419 2152 2459 eam

133 2492 414 2551 voluntas
460 2490 676 2548 divina
719 2489 1010 2548 incitatur
1056 2490 1136 2547 ad
1195 2488 1611 2565 opitulandum
1666 2490 1939 2547 miseriae
1995 2509 2154 2549 crea-

133 2590 300 2639 turae
347 2597 614 2653 eamque
660 2576 1118 2654 depellendam.

253 2668 594 2728 Sciendum
639 2679 848 2726 tamen
895 2678 987 2726 est
1028 2667 1090 2724 in
1134 2669 1273 2726 Deo
1317 2666 1784 2726 misericordiam
1840 2687 1961 2727 non
2018 2689 2143 2731 esse

131 2759 331 2829 talem,
382 2757 582 2832 qualis
627 2766 721 2815 est
763 2756 828 2814 in
873 2756 1083 2815 nobis:
1130 2776 1245 2815 nos
1287 2756 1449 2815 enim
1493 2756 1571 2814 de
1613 2758 1771 2816 malo
1800 2759 1996 2819 alieno
2023 2780 2153 2821 com·

131 2848 441 2905 tristamur
497 2856 561 2904 et
617 2864 694 2904 ex
750 2847 870 2904 hac
925 2845 1162 2903 tristitia
1215 2846 1294 2904 ad
1350 2845 1648 2905 miseriam
1702 2847 1955 2923 proximi
2010 2854 2139 2912 sub-

129 2936 456 2995 levandam
500 2950 838 2993 movemur.
933 2934 1219 2993 «Tristari
1262 2945 1461 2994 autem
1504 2935 1582 2995 de
1623 2937 1859 2998 miseria
1900 2941 2133 3003 alterius

130 3044 252 3084 non
296 3023 598 3100 competit
638 3024 812 3094 De0,
859 3024 968 3082 sed
1010 3026 1309 3101 repellere
1352 3025 1649 3085 miseriam
1690 3029 1956 3104 alteriuS,
2012 3034 2129 3096 hoc

131 3111 393 3173 maxime
437 3113 496 3171 ei
539 3109 840 3189 competit
867 3114 903 3171 ¹.

251 3308 270 3339 ¹
307 3310 366 3360 S.
413 3308 624 3368 Thone„
676 3308 732 3359 S.
771 3308 928 3359 theol.
968 3310 1023 3371 I,
1064 3328 1113 3375 q.
1155 3324 1253 3373 21,
1292 3330 1337 3362 a.
1378 3326 1409 3377 3
1444 3330 1502 3363 c:
1558 3315 1735 3367 Utrum
1777 3321 2119 3384 misericordia

133 3398 385 3455 competat
409 3390 546 3439 Deo·
589 3415 660 3421 —
696 3388 847 3439 Circa
870 3390 974 3440 Dei
1012 3392 1409 3442 misericordiam
1446 3412 1631 3460 magno
1669 3416 1780 3451 cum
1817 3406 1980 3458 fructu
2015 3412 2114 3479 legi
