2367 3850
1690 11 1911 25 &ww
1973 13 2001 16 ,
2062 11 2103 21 ,,

1637 26 1649 34 ·
1701 44 1708 56 ,
1887 11 2064 54 uvi-“t
2106 11 2201 51 ϊ-

272 266 303 316 3
310 253 375 318 56
872 258 1103 296 ΕΤΗΙΟΑ.
1162 255 1303 294 mas
1343 253 1646 292 suemus,

258 414 468 489 plexus
519 411 733 468 iuriam
786 415 843 466 et
892 406 1220 483 affictbrum
1277 404 1400 473 (vel
1447 402 1658 476 legum)
1680 447 1695 474 ,
1755 418 1906 476 quae
1957 399 2270 457 relationes

270 503 621 560 diversorum
651 497 996 574 populorum
1042 493 1386 564 (mimium)
1433 494 1585 551 inter
1621 510 1681 550 se
1718 496 1990 566 spectant.

394 591 501 648 Est
541 590 638 646 vel
676 587 946 646 naturale
988 586 1085 643 vel
1126 583 1462 660 positivum.

391 681 487 736 Ius
556 676 821 754 gentium
876 675 1146 734 naturale
1206 682 1296 732 est
1348 672 1695 746 complexus
1749 667 1966 728 iurium
2027 676 2094 726 et
2147 666 2271 724 offi-

270 770 499 826 ciorum
516 812 530 838 ,
594 783 747 842 quae
804 765 861 825 vi
920 762 1070 839 legis
1126 761 1410 821 naturalis
1467 761 1622 820 inter
1675 759 1947 819 diversos
2006 757 2272 833 populos

268 858 492 933 vigent.

395 949 493 1006 Ius
547 943 814 1020 gentium
862 943 1169 1018 positivum
1226 950 1316 1000 est
1367 941 1716 1016 complexus
1769 937 1983 996 iurium
2035 945 2102 996 et
2151 934 2274 992 offi-

274 1037 502 1095 ciorum
518 1081 533 1106 ,
592 1051 747 1110 quae
788 1031 848 1090 vi
902 1029 1352 1090 consuetudinis
1402 1030 1498 1088 vel
1551 1023 1780 1088 liberae
1839 1024 2273 1086 conventionis

272 1125 428 1184 inter
470 1123 735 1182 diversas
774 1119 1093 1180 societates
1135 1118 1341 1178 civiles
1383 1117 1650 1177 instituta
1689 1126 1842 1176 sunt.

396 1229 758 1280 Exsistentia.
823 1218 1124 1277 Exsistere
1165 1217 1258 1275 ius
1299 1215 1610 1294 quoddam
1650 1212 2124 1273 internationale
2169 1219 2272 1288 po-

272 1313 499 1370 sitivum
514 1355 531 1378 ,
594 1326 805 1367 omnes
866 1309 1076 1366 saltem
1127 1305 1392 1382 practice
1445 1304 1780 1364 admittunt.
1889 1305 1990 1361 Ius
2066 1309 2272 1361 autem

275 1401 419 1458 illud
463 1397 777 1474 positivum
820 1395 1102 1472 supponit
1142 1395 1233 1454 ius
1274 1393 1733 1454 intemationale
1759 1393 2052 1461 naturale,
2102 1390 2272 1466 quod

277 1489 441 1548 iubet
477 1486 909 1546 conventiones
948 1483 1168 1544 liberas
1194 1485 1293 1544 vel
1332 1494 1510 1560 pacta
1551 1483 1707 1542 inter
1739 1481 1904 1559 ipsas
1945 1480 2270 1539 societates

278 1596 408 1637 esse
452 1576 763 1637 servanda.

399 1668 714 1725 Praeterea
772 1664 1039 1740 singulae
1110 1662 1407 1734 civitates,
1478 1660 1962 1738 independenter
2017 1679 2056 1717 a
2129 1673 2272 1714 con·

281 1774 456 1814 sensu
497 1757 743 1813 aliarum
786 1753 1089 1811 civitatum
1107 1798 1120 1825 ‚
1177 1753 1361 1811 multa
1401 1760 1651 1826 possunt
1691 1750 2044 1809 naturaliter
2085 1744 2270 1824 possi·

282 1845 426 1904 dere
467 1854 530 1902 ut
570 1862 690 1915 sua,
734 1864 787 1902 v.
819 1861 873 1918 g.
903 1840 1283 1913 territorium,
1328 1841 1602 1900 aedificia
1643 1839 1900 1916 publica.
1961 1837 2086 1896 Sed
2115 1838 2268 1894 haec

284 1935 486 1993 omnia
538 1942 603 1990 ut
656 1951 761 1991 sua
815 1950 1026 1992 revera
1079 1932 1387 2007 possidere
1442 1950 1569 1990 non
1611 1940 1888 2007 possunt,
1949 1928 2070 1989 nisi
2113 1930 2268 1987 inter

283 2024 442 2099 ipsas
482 2022 687 2097 vigent
728 2021 921 2097 prima
960 2020 1262 2097 principia
1300 2020 1552 2079 iustitiae
1569 2067 1584 2093 ‚
1646 2020 1860 2095 quibus
1900 2019 2031 2077 iura
2074 2018 2269 2092 singu-

282 2113 476 2170 lorum
518 2111 828 2169 hominum
870 2110 1200 2168 innituntur
1214 2154 1229 2180 ,
1287 2108 1486 2185 qualia
1527 2120 1663 2168 sunt
1703 2127 1755 2169 e.
1800 2128 1856 2185 g.
1899 2106 2269 2185 principium

284 2200 457 2259 illud:
530 2217 698 2258 suum
768 2198 982 2274 cuique
1052 2197 1454 2257 tribuendum.
1543 2200 1708 2275 Ergo
1777 2197 1932 2257 inter
2001 2197 2268 2256 diversas

284 2298 492 2365 gentes
532 2288 623 2346 ius
666 2287 975 2363 quoddam
1015 2287 1178 2362 viget
1219 2287 1698 2347 intemationale.

406 2377 621 2452 Neque
681 2386 880 2435 tamen
937 2379 1065 2435 sola
1122 2378 1375 2435 iustitiae
1431 2376 1560 2435 iura
1615 2387 1675 2435 et
1731 2376 1929 2435 officia
1984 2376 2084 2435 vel
2143 2374 2267 2432 iura

286 2468 555 2542 perfecta
583 2466 600 2498 ¹
639 2465 796 2525 inter
837 2465 1101 2525 diversas
1144 2465 1457 2525 societates
1488 2466 1710 2542 vigent,
1755 2465 1862 2535 sed
1902 2464 2087 2525 etiam
2145 2465 2270 2522 iura

288 2557 545 2614 caritatz's
606 2562 664 2612 et
718 2556 1101 2630 beneficentiae
1159 2556 1256 2614 vel
1315 2554 1444 2614 iura
1495 2555 1867 2632 imperfecta.
1963 2552 2270 2629 Principia

289 2645 449 2705 enim
507 2646 608 2702 illa
654 2644 942 2727 caritatis:
1010 2644 1233 2719 «Quod
1286 2645 1396 2703 tibi
1436 2644 1568 2705 fieri
1603 2663 1732 2703 non
1786 2644 1874 2704 vis
1891 2690 1907 2717 ,
1963 2642 2139 2703 alteri
2193 2658 2270 2699 ne

290 2733 537 2793 feceris»
572 2743 632 2792 et
666 2733 883 2808 «Quod
910 2732 1018 2791 tibi
1046 2734 1174 2792 fieri
1204 2734 1527 2806 desiderzm,
1557 2734 1727 2793 alteri
1754 2734 1997 2807 facias»,
2029 2749 2268 2809 prorsus

290 2824 643 2883 universalia
684 2819 832 2894 esse,
882 2823 1041 2881 clare
1084 2823 1478 2899 perspicimus
1493 2870 1507 2895 ,
1551 2823 1633 2882 ita
1673 2834 1739 2882 ut
1777 2841 1903 2882 non
1945 2824 2144 2883 solum
2187 2838 2267 2880 re-

292 2924 500 2989 spectu
540 2910 980 2970 individuorum
1022 2912 1131 2971 sed
1168 2913 1349 2971 etiam
1377 2923 1653 2989 respectu
1682 2912 1984 2972 civitatum
2012 2912 2266 2971 valeant.

292 3002 472 3061 Cuius
514 3000 601 3059 rei
643 3002 793 3059 ratio
835 3001 1133 3059 invenitur
1173 3001 1236 3059 in
1281 3020 1376 3075 e0,
1420 3001 1604 3077 quod,
1671 3003 1858 3061 «sicut
1895 3000 2114 3077 singuli
2171 3002 2268 3058 ho-

292 3090 485 3149 mines
528 3100 663 3148 sunt
702 3090 975 3149 membra
1016 3089 1283 3149 eiusdem
1325 3108 1584 3166 magnae
1630 3090 1798 3167 quasi
1852 3075 2114 3149 familiae
2173 3090 2269 3146 hu-

292 3196 525 3250 manae,
572 3196 725 3254 quae
754 3180 951 3237 Deum
988 3179 1171 3238 habet
1200 3170 1525 3252 auctorem,
1569 3179 1972 3255 legislatorem
2002 3190 2064 3239 et
2090 3180 2268 3237 finem

293 3266 561 3325 ultimum
578 3313 593 3338 ‚
650 3268 733 3325 ita
775 3268 951 3326 etiam
993 3267 1260 3344 singulae
1301 3269 1571 3328 civitates
1613 3279 1747 3327 sunt
1788 3270 1958 3344 quasi
1999 3270 2270 3329 membra

423 3433 440 3465 ¹
480 3438 555 3487 Cf.
596 3454 747 3503 supra
781 3456 831 3503 p.
872 3454 989 3501 310.
