<?xml version="1.0" encoding="UTF-8"?>
<!DOCTYPE html PUBLIC "-//W3C//DTD XHTML 1.0 Transitional//EN"
    "http://www.w3.org/TR/xhtml1/DTD/xhtml1-transitional.dtd">
<html xmlns="http://www.w3.org/1999/xhtml" xml:lang="en" lang="en">
 <head>
  <title>
</title>
<meta http-equiv="Content-Type" content="text/html;charset=utf-8" />
  <meta name='ocr-system' content='tesseract 3.04.00' />
  <meta name='ocr-capabilities' content='ocr_page ocr_carea ocr_par ocr_line ocrx_word'/>
</head>
<body>
  <div class='ocr_page' id='page_1' title='image "./elementaphiloso01reingoog_0285.png"; bbox 0 0 2367 3850; ppageno 0'>
   <div class='ocr_carea' id='block_1_1' title="bbox 721 233 2109 303">
    <p class='ocr_par' dir='ltr' id='par_1_1' title="bbox 721 233 2109 303">
     <span class='ocr_line' id='line_1_1' title="bbox 721 233 2109 303; baseline 0.012 -30"><span class='ocrx_word' id='word_1_1' title='bbox 721 233 810 273; x_wconf 77' lang='lat' dir='ltr'><strong>DE·</strong></span> <span class='ocrx_word' id='word_1_2' title='bbox 839 235 1243 280; x_wconf 79' lang='lat' dir='ltr'>PROVIDENTIA</span> <span class='ocrx_word' id='word_1_3' title='bbox 1283 240 1511 285; x_wconf 73' lang='lat' dir='ltr'><strong>DIVINA.</strong></span> <span class='ocrx_word' id='word_1_4' title='bbox 2006 247 2109 303; x_wconf 77' lang='lat'><strong>259</strong></span> 
     </span>
    </p>
   </div>
   <div class='ocr_carea' id='block_1_2' title="bbox 84 380 2111 738">
    <p class='ocr_par' dir='ltr' id='par_1_2' title="bbox 84 380 2111 738">
     <span class='ocr_line' id='line_1_2' title="bbox 203 380 2111 468; baseline 0.011 -33"><span class='ocrx_word' id='word_1_5' title='bbox 203 397 258 436; x_wconf 87' lang='lat'><strong>2.</strong></span> <span class='ocrx_word' id='word_1_6' title='bbox 308 380 601 440; x_wconf 84' lang='lat' dir='ltr'><strong>Conexio</strong></span> <span class='ocrx_word' id='word_1_7' title='bbox 630 401 780 444; x_wconf 86' lang='lat' dir='ltr'><strong>vero</strong></span> <span class='ocrx_word' id='word_1_8' title='bbox 823 385 927 444; x_wconf 89' lang='lat' dir='ltr'><strong>illa</strong></span> <span class='ocrx_word' id='word_1_9' title='bbox 968 390 1319 448; x_wconf 87' lang='lat' dir='ltr'><strong>necessaria</strong></span> <span class='ocrx_word' id='word_1_10' title='bbox 1359 392 1493 452; x_wconf 87' lang='lat' dir='ltr'><strong>talis</strong></span> <span class='ocrx_word' id='word_1_11' title='bbox 1521 394 1706 454; x_wconf 87' lang='lat' dir='ltr'><strong>debet</strong></span> <span class='ocrx_word' id='word_1_12' title='bbox 1747 413 1896 468; x_wconf 86' lang='lat' dir='ltr'><strong>esse,</strong></span> <span class='ocrx_word' id='word_1_13' title='bbox 1939 407 2005 457; x_wconf 89' lang='lat' dir='ltr'><strong>ut</strong></span> <span class='ocrx_word' id='word_1_14' title='bbox 2036 417 2111 458; x_wconf 82' lang='lat' dir='ltr'><strong>ex</strong></span> 
     </span>
     <span class='ocr_line' id='line_1_3' title="bbox 84 469 2109 555; baseline 0.012 -34"><span class='ocrx_word' id='word_1_15' title='bbox 84 477 250 524; x_wconf 90' lang='lat' dir='ltr'><strong>recto</strong></span> <span class='ocrx_word' id='word_1_16' title='bbox 267 487 386 527; x_wconf 89' lang='lat' dir='ltr'><strong>usu</strong></span> <span class='ocrx_word' id='word_1_17' title='bbox 405 469 708 532; x_wconf 82' lang='lat' dir='ltr'><strong>libertatis</strong></span> <span class='ocrx_word' id='word_1_18' title='bbox 727 475 916 533; x_wconf 90' lang='lat' dir='ltr'><strong>homo</strong></span> <span class='ocrx_word' id='word_1_19' title='bbox 945 477 1300 538; x_wconf 86' lang='lat' dir='ltr'><strong>felicitatem</strong></span> <span class='ocrx_word' id='word_1_20' title='bbox 1330 499 1499 539; x_wconf 88' lang='lat' dir='ltr'><strong>suam</strong></span> <span class='ocrx_word' id='word_1_21' title='bbox 1530 484 1816 555; x_wconf 88' lang='lat' dir='ltr'><strong>obtineat,</strong></span> <span class='ocrx_word' id='word_1_22' title='bbox 1847 504 1923 544; x_wconf 84' lang='lat' dir='ltr'><strong>ex</strong></span> <span class='ocrx_word' id='word_1_23' title='bbox 1949 489 2109 546; x_wconf 89' lang='lat' dir='ltr'><strong>malo</strong></span> 
     </span>
     <span class='ocr_line' id='line_1_4' title="bbox 85 561 2111 643; baseline 0.011 -31"><span class='ocrx_word' id='word_1_24' title='bbox 85 575 224 614; x_wconf 86' lang='lat' dir='ltr'><strong>vero</strong></span> <span class='ocrx_word' id='word_1_25' title='bbox 267 575 386 616; x_wconf 88' lang='lat' dir='ltr'><strong>usu</strong></span> <span class='ocrx_word' id='word_1_26' title='bbox 429 561 512 618; x_wconf 92' lang='lat' dir='ltr'><strong>ab</strong></span> <span class='ocrx_word' id='word_1_27' title='bbox 542 561 678 636; x_wconf 90' lang='lat' dir='ltr'><strong>ipsa</strong></span> <span class='ocrx_word' id='word_1_28' title='bbox 705 563 968 624; x_wconf 88' lang='lat' dir='ltr'><strong>deficiat.</strong></span> <span class='ocrx_word' id='word_1_29' title='bbox 1029 567 1343 643; x_wconf 86' lang='lat' dir='ltr'><strong>Sapientia</strong></span> <span class='ocrx_word' id='word_1_30' title='bbox 1371 570 1537 628; x_wconf 92' lang='lat' dir='ltr'><strong>enim</strong></span> <span class='ocrx_word' id='word_1_31' title='bbox 1574 583 1635 631; x_wconf 90' lang='lat' dir='ltr'><strong>et</strong></span> <span class='ocrx_word' id='word_1_32' title='bbox 1662 572 1880 632; x_wconf 88' lang='lat' dir='ltr'><strong>iustitia</strong></span> <span class='ocrx_word' id='word_1_33' title='bbox 1921 584 1981 633; x_wconf 92' lang='lat' dir='ltr'><strong>et</strong></span> <span class='ocrx_word' id='word_1_34' title='bbox 2009 576 2111 634; x_wconf 89' lang='lat' dir='ltr'><strong>bo·</strong></span> 
     </span>
     <span class='ocr_line' id='line_1_5' title="bbox 84 645 2108 738; baseline 0.011 -37"><span class='ocrx_word' id='word_1_35' title='bbox 84 645 234 704; x_wconf 89' lang='lat' dir='ltr'><strong>nitas</strong></span> <span class='ocrx_word' id='word_1_36' title='bbox 261 647 392 706; x_wconf 88' lang='lat' dir='ltr'><strong>Dei</strong></span> <span class='ocrx_word' id='word_1_37' title='bbox 423 650 684 708; x_wconf 88' lang='lat' dir='ltr'><strong>omnino</strong></span> <span class='ocrx_word' id='word_1_38' title='bbox 715 653 1050 728; x_wconf 89' lang='lat' dir='ltr'><strong>requirunt,</strong></span> <span class='ocrx_word' id='word_1_39' title='bbox 1083 665 1148 713; x_wconf 88' lang='lat' dir='ltr'><strong>ut</strong></span> <span class='ocrx_word' id='word_1_40' title='bbox 1177 658 1366 716; x_wconf 90' lang='lat' dir='ltr'><strong>homo</strong></span> <span class='ocrx_word' id='word_1_41' title='bbox 1397 662 1731 720; x_wconf 89' lang='lat' dir='ltr'><strong>secundum</strong></span> <span class='ocrx_word' id='word_1_42' title='bbox 1750 662 2108 738; x_wconf 85' lang='lat' dir='ltr'><strong>exigentiam</strong></span> 
     </span>
    </p>
   </div>
   <div class='ocr_carea' id='block_1_3' title="bbox 83 734 2110 827">
    <p class='ocr_par' dir='ltr' id='par_1_3' title="bbox 83 734 2110 827">
     <span class='ocr_line' id='line_1_6' title="bbox 83 734 2110 827; baseline 0.01 -37"><span class='ocrx_word' id='word_1_43' title='bbox 83 734 334 794; x_wconf 86' lang='lat' dir='ltr'><strong>rationis</strong></span> <span class='ocrx_word' id='word_1_44' title='bbox 374 737 570 796; x_wconf 89' lang='lat' dir='ltr'><strong>vitam</strong></span> <span class='ocrx_word' id='word_1_45' title='bbox 626 757 798 799; x_wconf 88' lang='lat' dir='ltr'><strong>suam</strong></span> <span class='ocrx_word' id='word_1_46' title='bbox 842 743 1138 802; x_wconf 88' lang='lat' dir='ltr'><strong>ordinans</strong></span> <span class='ocrx_word' id='word_1_47' title='bbox 1196 747 1277 804; x_wconf 91' lang='lat' dir='ltr'><strong>ad</strong></span> <span class='ocrx_word' id='word_1_48' title='bbox 1319 749 1505 807; x_wconf 89' lang='lat' dir='ltr'><strong>finem</strong></span> <span class='ocrx_word' id='word_1_49' title='bbox 1554 767 1725 807; x_wconf 90' lang='lat' dir='ltr'><strong>suum</strong></span> <span class='ocrx_word' id='word_1_50' title='bbox 1764 751 2110 827; x_wconf 79' lang='lat' dir='ltr'><strong>perveniat3</strong></span> 
     </span>
    </p>
   </div>
   <div class='ocr_carea' id='block_1_4' title="bbox 82 823 2109 1420">
    <p class='ocr_par' dir='ltr' id='par_1_4' title="bbox 82 823 2109 1420">
     <span class='ocr_line' id='line_1_7' title="bbox 83 823 2107 914; baseline 0.011 -36"><span class='ocrx_word' id='word_1_51' title='bbox 83 823 414 884; x_wconf 89' lang='lat' dir='ltr'><strong>absurdum</strong></span> <span class='ocrx_word' id='word_1_52' title='bbox 433 836 642 886; x_wconf 89' lang='lat' dir='ltr'><strong>autem</strong></span> <span class='ocrx_word' id='word_1_53' title='bbox 672 840 734 887; x_wconf 90' lang='lat' dir='ltr'><strong>et</strong></span> <span class='ocrx_word' id='word_1_54' title='bbox 753 832 894 889; x_wconf 91' lang='lat' dir='ltr'><strong>Deo</strong></span> <span class='ocrx_word' id='word_1_55' title='bbox 913 830 1148 892; x_wconf 88' lang='lat' dir='ltr'><strong>infinite</strong></span> <span class='ocrx_word' id='word_1_56' title='bbox 1177 844 1392 894; x_wconf 88' lang='lat' dir='ltr'><strong>sancto</strong></span> <span class='ocrx_word' id='word_1_57' title='bbox 1420 847 1485 894; x_wconf 91' lang='lat' dir='ltr'><strong>et</strong></span> <span class='ocrx_word' id='word_1_58' title='bbox 1510 837 1769 913; x_wconf 86' lang='lat' dir='ltr'><strong>sapienti</strong></span> <span class='ocrx_word' id='word_1_59' title='bbox 1794 839 2107 914; x_wconf 89' lang='lat' dir='ltr'><strong>indignum</strong></span> 
     </span>
     <span class='ocr_line' id='line_1_8' title="bbox 83 914 2109 1003; baseline 0.009 -34"><span class='ocrx_word' id='word_1_60' title='bbox 83 921 166 969; x_wconf 88' lang='lat' dir='ltr'><strong>est</strong></span> <span class='ocrx_word' id='word_1_61' title='bbox 215 914 548 975; x_wconf 88' lang='lat' dir='ltr'><strong>admittere</strong></span> <span class='ocrx_word' id='word_1_62' title='bbox 593 917 875 978; x_wconf 89' lang='lat' dir='ltr'><strong>homines</strong></span> <span class='ocrx_word' id='word_1_63' title='bbox 904 919 1253 981; x_wconf 86' lang='lat' dir='ltr'><strong>inordinate</strong></span> <span class='ocrx_word' id='word_1_64' title='bbox 1283 924 1553 984; x_wconf 87' lang='lat' dir='ltr'><strong>viventes</strong></span> <span class='ocrx_word' id='word_1_65' title='bbox 1580 944 1776 1000; x_wconf 88' lang='lat' dir='ltr'><strong>aeque</strong></span> <span class='ocrx_word' id='word_1_66' title='bbox 1817 947 1891 986; x_wconf 88' lang='lat' dir='ltr'><strong>ac</strong></span> <span class='ocrx_word' id='word_1_67' title='bbox 1927 927 2109 1003; x_wconf 87' lang='lat' dir='ltr'><strong>ipsius</strong></span> 
     </span>
     <span class='ocr_line' id='line_1_9' title="bbox 83 1001 2106 1090; baseline 0.009 -32"><span class='ocrx_word' id='word_1_68' title='bbox 83 1001 310 1061; x_wconf 86' lang='lat' dir='ltr'><strong>ordinis</strong></span> <span class='ocrx_word' id='word_1_69' title='bbox 353 1005 513 1063; x_wconf 88' lang='lat' dir='ltr'><strong>recti</strong></span> <span class='ocrx_word' id='word_1_70' title='bbox 555 1017 833 1066; x_wconf 87' lang='lat' dir='ltr'><strong>amantes</strong></span> <span class='ocrx_word' id='word_1_71' title='bbox 877 1009 955 1066; x_wconf 92' lang='lat' dir='ltr'><strong>ad</strong></span> <span class='ocrx_word' id='word_1_72' title='bbox 998 1011 1441 1071; x_wconf 86' lang='lat' dir='ltr'><strong>beatitudinem</strong></span> <span class='ocrx_word' id='word_1_73' title='bbox 1482 1014 1826 1089; x_wconf 88' lang='lat' dir='ltr'><strong>pertingere</strong></span> <span class='ocrx_word' id='word_1_74' title='bbox 1864 1034 2041 1090; x_wconf 87' lang='lat' dir='ltr'><strong>posse</strong></span> <span class='ocrx_word' id='word_1_75' title='bbox 2072 1019 2106 1076; x_wconf 90' lang='lat'><strong>¹.</strong></span> 
     </span>
     <span class='ocr_line' id='line_1_10' title="bbox 194 1093 2107 1177; baseline 0.007 -28"><span class='ocrx_word' id='word_1_76' title='bbox 194 1093 412 1151; x_wconf 90' lang='lat' dir='ltr'><strong>Potest</strong></span> <span class='ocrx_word' id='word_1_77' title='bbox 467 1095 737 1170; x_wconf 89' lang='lat' dir='ltr'><strong>proinde</strong></span> <span class='ocrx_word' id='word_1_78' title='bbox 792 1097 956 1168; x_wconf 87' lang='lat' dir='ltr'><strong>fieri,</strong></span> <span class='ocrx_word' id='word_1_79' title='bbox 1019 1108 1086 1156; x_wconf 88' lang='lat' dir='ltr'><strong>ut</strong></span> <span class='ocrx_word' id='word_1_80' title='bbox 1142 1101 1255 1157; x_wconf 90' lang='lat' dir='ltr'><strong>sub</strong></span> <span class='ocrx_word' id='word_1_81' title='bbox 1310 1101 1443 1176; x_wconf 86' lang='lat' dir='ltr'><strong>ipsa</strong></span> <span class='ocrx_word' id='word_1_82' title='bbox 1499 1101 1619 1161; x_wconf 92' lang='lat' dir='ltr'><strong>Dei</strong></span> <span class='ocrx_word' id='word_1_83' title='bbox 1673 1104 2107 1177; x_wconf 86' lang='lat' dir='ltr'><strong>gubernatione</strong></span> 
     </span>
     <span class='ocr_line' id='line_1_11' title="bbox 82 1179 2105 1253; baseline 0.007 -17"><span class='ocrx_word' id='word_1_84' title='bbox 82 1179 330 1253; x_wconf 89' lang='lat' dir='ltr'><strong>quidam</strong></span> <span class='ocrx_word' id='word_1_85' title='bbox 392 1183 680 1243; x_wconf 88' lang='lat' dir='ltr'><strong>homines</strong></span> <span class='ocrx_word' id='word_1_86' title='bbox 743 1205 780 1242; x_wconf 91' lang='lat' dir='ltr'><strong>a</strong></span> <span class='ocrx_word' id='word_1_87' title='bbox 840 1188 962 1244; x_wconf 90' lang='lat' dir='ltr'><strong>fine</strong></span> <span class='ocrx_word' id='word_1_88' title='bbox 1024 1189 1270 1246; x_wconf 83' lang='lat' dir='ltr'><strong>relative</strong></span> <span class='ocrx_word' id='word_1_89' title='bbox 1328 1192 1527 1248; x_wconf 83' lang='lat' dir='ltr'><strong>ultimo</strong></span> <span class='ocrx_word' id='word_1_90' title='bbox 1583 1193 1679 1249; x_wconf 92' lang='lat' dir='ltr'><strong>vel</strong></span> <span class='ocrx_word' id='word_1_91' title='bbox 1736 1192 2105 1251; x_wconf 87' lang='lat' dir='ltr'><strong>beatitudine</strong></span> 
     </span>
     <span class='ocr_line' id='line_1_12' title="bbox 82 1271 934 1334; baseline 0.011 -9"><span class='ocrx_word' id='word_1_92' title='bbox 82 1286 289 1327; x_wconf 87' lang='lat' dir='ltr'><strong>eorum</strong></span> <span class='ocrx_word' id='word_1_93' title='bbox 335 1271 582 1330; x_wconf 89' lang='lat' dir='ltr'><strong>formali</strong></span> <span class='ocrx_word' id='word_1_94' title='bbox 627 1273 934 1334; x_wconf 85' lang='lat' dir='ltr'><strong>excidant.</strong></span> 
     </span>
     <span class='ocr_line' id='line_1_13' title="bbox 199 1360 626 1420; baseline 0.009 -4"><span class='ocrx_word' id='word_1_95' title='bbox 199 1360 328 1417; x_wconf 90' lang='lat' dir='ltr'><strong>Sed</strong></span> <span class='ocrx_word' id='word_1_96' title='bbox 371 1361 626 1420; x_wconf 86' lang='lat' dir='ltr'><strong>ulterius</strong></span> 
     </span>
    </p>
   </div>
   <div class='ocr_carea' id='block_1_5' title="bbox 80 1460 2103 1602">
    <p class='ocr_par' dir='ltr' id='par_1_5' title="bbox 80 1460 2103 1602">
     <span class='ocr_line' id='line_1_14' title="bbox 197 1460 2103 1526; baseline 0.004 -19"><span class='ocrx_word' id='word_1_97' title='bbox 197 1460 528 1522; x_wconf 82' lang='lat' dir='ltr'><strong>Quaeritur,</strong></span> <span class='ocrx_word' id='word_1_98' title='bbox 568 1475 713 1510; x_wconf 87' lang='lat' dir='ltr'><strong>num</strong></span> <span class='ocrx_word' id='word_1_99' title='bbox 750 1463 934 1512; x_wconf 86' lang='lat' dir='ltr'><strong>horno</strong></span> <span class='ocrx_word' id='word_1_100' title='bbox 975 1463 1167 1526; x_wconf 72' lang='lat' dir='ltr'><strong>possit</strong></span> <span class='ocrx_word' id='word_1_101' title='bbox 1206 1479 1275 1513; x_wconf 84' lang='lat' dir='ltr'><strong>ex</strong></span> <span class='ocrx_word' id='word_1_102' title='bbox 1313 1465 1425 1514; x_wconf 84' lang='lat' dir='ltr'><strong>fine</strong></span> <span class='ocrx_word' id='word_1_103' title='bbox 1464 1479 1576 1514; x_wconf 75' lang='lat' dir='ltr'><strong>suo</strong></span> <span class='ocrx_word' id='word_1_104' title='bbox 1615 1466 1691 1514; x_wconf 71' lang='lat' dir='ltr'><strong>ita</strong></span> <span class='ocrx_word' id='word_1_105' title='bbox 1728 1467 2003 1525; x_wconf 83' lang='lat' dir='ltr'><strong>excidere,</strong></span> <span class='ocrx_word' id='word_1_106' title='bbox 2042 1474 2103 1515; x_wconf 85' lang='lat' dir='ltr'><strong>ut</strong></span> 
     </span>
     <span class='ocr_line' id='line_1_15' title="bbox 80 1540 928 1602; baseline 0.009 -17"><span class='ocrx_word' id='word_1_107' title='bbox 80 1540 324 1588; x_wconf 78' lang='lat' dir='ltr'><strong>aeternis</strong></span> <span class='ocrx_word' id='word_1_108' title='bbox 364 1541 580 1602; x_wconf 75' lang='lat' dir='ltr'><strong>poenis</strong></span> <span class='ocrx_word' id='word_1_109' title='bbox 620 1543 928 1593; x_wconf 80' lang='lat' dir='ltr'><strong>crucietur.</strong></span> 
     </span>
    </p>
   </div>
   <div class='ocr_carea' id='block_1_6' title="bbox 80 1647 2100 1813">
    <p class='ocr_par' dir='ltr' id='par_1_6' title="bbox 80 1647 2100 1813">
     <span class='ocr_line' id='line_1_16' title="bbox 197 1647 2100 1724; baseline 0.004 -24"><span class='ocrx_word' id='word_1_110' title='bbox 197 1655 412 1705; x_wconf 82' lang='lat' dir='ltr'><strong>Dubia.</strong></span> <span class='ocrx_word' id='word_1_111' title='bbox 499 1647 764 1707; x_wconf 89' lang='lat' dir='ltr'><strong>Videtur</strong></span> <span class='ocrx_word' id='word_1_112' title='bbox 805 1649 996 1707; x_wconf 90' lang='lat' dir='ltr'><strong>homo</strong></span> <span class='ocrx_word' id='word_1_113' title='bbox 1039 1668 1169 1708; x_wconf 90' lang='lat' dir='ltr'><strong>non</strong></span> <span class='ocrx_word' id='word_1_114' title='bbox 1225 1669 1404 1724; x_wconf 89' lang='lat' dir='ltr'><strong>posse</strong></span> <span class='ocrx_word' id='word_1_115' title='bbox 1448 1650 1529 1708; x_wconf 92' lang='lat' dir='ltr'><strong>ita</strong></span> <span class='ocrx_word' id='word_1_116' title='bbox 1586 1669 1623 1708; x_wconf 91' lang='lat' dir='ltr'><strong>a</strong></span> <span class='ocrx_word' id='word_1_117' title='bbox 1678 1651 1795 1710; x_wconf 90' lang='lat' dir='ltr'><strong>fine</strong></span> <span class='ocrx_word' id='word_1_118' title='bbox 1852 1669 1959 1709; x_wconf 91' lang='lat' dir='ltr'><strong>suo</strong></span> <span class='ocrx_word' id='word_1_119' title='bbox 2002 1652 2100 1710; x_wconf 90' lang='lat' dir='ltr'><strong>de-</strong></span> 
     </span>
     <span class='ocr_line' id='line_1_17' title="bbox 80 1732 1487 1813; baseline 0.006 -24"><span class='ocrx_word' id='word_1_120' title='bbox 80 1732 275 1804; x_wconf 89' lang='lat' dir='ltr'><strong>ficere,</strong></span> <span class='ocrx_word' id='word_1_121' title='bbox 321 1745 390 1792; x_wconf 90' lang='lat' dir='ltr'><strong>ut</strong></span> <span class='ocrx_word' id='word_1_122' title='bbox 434 1737 499 1793; x_wconf 91' lang='lat' dir='ltr'><strong>in</strong></span> <span class='ocrx_word' id='word_1_123' title='bbox 544 1745 864 1796; x_wconf 89' lang='lat' dir='ltr'><strong>aeternum</strong></span> <span class='ocrx_word' id='word_1_124' title='bbox 909 1739 1211 1813; x_wconf 88' lang='lat' dir='ltr'><strong>puniatur.</strong></span> <span class='ocrx_word' id='word_1_125' title='bbox 1298 1739 1487 1796; x_wconf 88' lang='lat' dir='ltr'><strong>Nam:</strong></span> 
     </span>
    </p>
   </div>
   <div class='ocr_carea' id='block_1_7' title="bbox 81 1832 2095 2000">
    <p class='ocr_par' dir='ltr' id='par_1_7' title="bbox 81 1832 2095 2000">
     <span class='ocr_line' id='line_1_18' title="bbox 202 1832 2091 1910; baseline 0.002 -22"><span class='ocrx_word' id='word_1_126' title='bbox 202 1853 254 1890; x_wconf 93' lang='lat'><strong>1.</strong></span> <span class='ocrx_word' id='word_1_127' title='bbox 298 1832 658 1892; x_wconf 90' lang='lat' dir='ltr'><strong>Aeternitas</strong></span> <span class='ocrx_word' id='word_1_128' title='bbox 686 1853 1032 1910; x_wconf 90' lang='lat' dir='ltr'><strong>poenarum</strong></span> <span class='ocrx_word' id='word_1_129' title='bbox 1059 1835 1300 1893; x_wconf 88' lang='lat' dir='ltr'><strong>videtur</strong></span> <span class='ocrx_word' id='word_1_130' title='bbox 1340 1837 1589 1893; x_wconf 83' lang='lat' dir='ltr'><strong>iustitiae</strong></span> <span class='ocrx_word' id='word_1_131' title='bbox 1619 1834 1732 1892; x_wconf 90' lang='lat' dir='ltr'><strong>Dei</strong></span> <span class='ocrx_word' id='word_1_132' title='bbox 1776 1834 2091 1893; x_wconf 88' lang='lat' dir='ltr'><strong>adversari.</strong></span> 
     </span>
     <span class='ocr_line' id='line_1_19' title="bbox 81 1920 2095 2000; baseline 0.002 -23"><span class='ocrx_word' id='word_1_133' title='bbox 81 1920 302 1980; x_wconf 90' lang='lat' dir='ltr'><strong>Iustitia</strong></span> <span class='ocrx_word' id='word_1_134' title='bbox 346 1921 517 1981; x_wconf 91' lang='lat' dir='ltr'><strong>enim</strong></span> <span class='ocrx_word' id='word_1_135' title='bbox 562 1923 683 1983; x_wconf 89' lang='lat' dir='ltr'><strong>Dei</strong></span> <span class='ocrx_word' id='word_1_136' title='bbox 728 1923 943 2000; x_wconf 86' lang='lat' dir='ltr'><strong>exigit,</strong></span> <span class='ocrx_word' id='word_1_137' title='bbox 1002 1934 1068 1983; x_wconf 89' lang='lat' dir='ltr'><strong>ut</strong></span> <span class='ocrx_word' id='word_1_138' title='bbox 1109 1942 1316 2000; x_wconf 89' lang='lat' dir='ltr'><strong>poena</strong></span> <span class='ocrx_word' id='word_1_139' title='bbox 1359 1923 1593 1983; x_wconf 88' lang='lat' dir='ltr'><strong>crimini</strong></span> <span class='ocrx_word' id='word_1_140' title='bbox 1636 1924 1710 1983; x_wconf 91' lang='lat' dir='ltr'><strong>sit</strong></span> <span class='ocrx_word' id='word_1_141' title='bbox 1763 1923 2095 2000; x_wconf 92' lang='lat' dir='ltr'><strong>proportio-</strong></span> 
     </span>
    </p>
   </div>
   <div class='ocr_carea' id='block_1_8' title="bbox 72 2116 2089 3383">
    <p class='ocr_par' dir='ltr' id='par_1_8' title="bbox 77 2116 2089 2343">
     <span class='ocr_line' id='line_1_20' title="bbox 78 2116 2089 2181; baseline 0 -15"><span class='ocrx_word' id='word_1_142' title='bbox 78 2116 157 2165; x_wconf 91' lang='lat' dir='ltr'><strong>Du</strong></span> <span class='ocrx_word' id='word_1_143' title='bbox 195 2117 315 2167; x_wconf 62' lang='lat' dir='ltr'><strong>cete</strong></span> <span class='ocrx_word' id='word_1_144' title='bbox 357 2118 425 2167; x_wconf 90' lang='lat' dir='ltr'><strong>de</strong></span> <span class='ocrx_word' id='word_1_145' title='bbox 464 2117 742 2167; x_wconf 88' lang='lat' dir='ltr'><strong>l’homme:</strong></span> <span class='ocrx_word' id='word_1_146' title='bbox 803 2118 856 2167; x_wconf 86' lang='lat' dir='ltr'><strong>la</strong></span> <span class='ocrx_word' id='word_1_147' title='bbox 894 2118 1085 2169; x_wconf 84' lang='lat' dir='ltr'><strong>felicite</strong></span> <span class='ocrx_word' id='word_1_148' title='bbox 1126 2118 1193 2166; x_wconf 90' lang='lat' dir='ltr'><strong>de</strong></span> <span class='ocrx_word' id='word_1_149' title='bbox 1232 2116 1471 2167; x_wconf 87' lang='lat' dir='ltr'><strong>l’homme</strong></span> <span class='ocrx_word' id='word_1_150' title='bbox 1523 2117 1789 2166; x_wconf 84' lang='lat' dir='ltr'><strong>serait—elle</strong></span> <span class='ocrx_word' id='word_1_151' title='bbox 1841 2118 2089 2181; x_wconf 79' lang='lat' dir='ltr'><strong>complete</strong></span> 
     </span>
     <span class='ocr_line' id='line_1_21' title="bbox 78 2196 2089 2261; baseline 0 -18"><span class='ocrx_word' id='word_1_152' title='bbox 78 2196 151 2243; x_wconf 88' lang='lat' dir='ltr'><strong>s&#39;il</strong></span> <span class='ocrx_word' id='word_1_153' title='bbox 187 2197 386 2247; x_wconf 88' lang='lat' dir='ltr'><strong>n&#39;avait</strong></span> <span class='ocrx_word' id='word_1_154' title='bbox 425 2199 736 2248; x_wconf 87' lang='lat' dir='ltr'><strong>conscience</strong></span> <span class='ocrx_word' id='word_1_155' title='bbox 775 2198 842 2245; x_wconf 92' lang='lat' dir='ltr'><strong>de</strong></span> <span class='ocrx_word' id='word_1_156' title='bbox 882 2197 1064 2247; x_wconf 83' lang='lat' dir='ltr'><strong>l&#39;avoir</strong></span> <span class='ocrx_word' id='word_1_157' title='bbox 1100 2198 1369 2246; x_wconf 89' lang='lat' dir='ltr'><strong>librement</strong></span> <span class='ocrx_word' id='word_1_158' title='bbox 1402 2198 1645 2261; x_wconf 88' lang='lat' dir='ltr'><strong>conquise</strong></span> <span class='ocrx_word' id='word_1_159' title='bbox 1672 2204 1723 2245; x_wconf 86' lang='lat' dir='ltr'><strong>et</strong></span> <span class='ocrx_word' id='word_1_160' title='bbox 1750 2197 1812 2245; x_wconf 90' lang='lat' dir='ltr'><strong>de</strong></span> <span class='ocrx_word' id='word_1_161' title='bbox 1839 2198 1887 2245; x_wconf 91' lang='grc'><strong>18</strong></span> <span class='ocrx_word' id='word_1_162' title='bbox 1914 2198 2089 2245; x_wconf 90' lang='lat' dir='ltr'><strong>devoir</strong></span> 
     </span>
     <span class='ocr_line' id='line_1_22' title="bbox 77 2272 1990 2343; baseline 0.002 -20"><span class='ocrx_word' id='word_1_163' title='bbox 77 2292 199 2339; x_wconf 88' lang='lat' dir='ltr'><strong>pour</strong></span> <span class='ocrx_word' id='word_1_164' title='bbox 235 2294 344 2326; x_wconf 90' lang='lat' dir='ltr'><strong>une</strong></span> <span class='ocrx_word' id='word_1_165' title='bbox 383 2286 504 2343; x_wconf 88' lang='lat' dir='ltr'><strong>part</strong></span> <span class='ocrx_word' id='word_1_166' title='bbox 543 2275 575 2326; x_wconf 77' lang='grc' dir='ltr'>ὲ</span> <span class='ocrx_word' id='word_1_167' title='bbox 611 2295 708 2327; x_wconf 89' lang='lat' dir='ltr'><strong>son</strong></span> <span class='ocrx_word' id='word_1_168' title='bbox 747 2294 941 2342; x_wconf 89' lang='lat' dir='ltr'><strong>propre</strong></span> <span class='ocrx_word' id='word_1_169' title='bbox 981 2278 1194 2327; x_wconf 78' lang='lat' dir='ltr'><strong>effort?»</strong></span> <span class='ocrx_word' id='word_1_170' title='bbox 1241 2274 1494 2339; x_wconf 70' lang='lat' dir='ltr'><strong>(Merder,</strong></span> <span class='ocrx_word' id='word_1_171' title='bbox 1535 2276 1715 2338; x_wconf 88' lang='lat' dir='ltr'><strong>Psych.</strong></span> <span class='ocrx_word' id='word_1_172' title='bbox 1756 2294 1805 2340; x_wconf 91' lang='lat' dir='ltr'><strong>p.</strong></span> <span class='ocrx_word' id='word_1_173' title='bbox 1849 2272 1990 2341; x_wconf 86' lang='lat'><strong>565).</strong></span> 
     </span>
    </p>

    <p class='ocr_par' dir='ltr' id='par_1_9' title="bbox 72 2356 2085 3383">
     <span class='ocr_line' id='line_1_23' title="bbox 194 2356 2085 2422; baseline -0.001 -17"><span class='ocrx_word' id='word_1_174' title='bbox 194 2356 214 2387; x_wconf 87' lang='lat'>¹</span> <span class='ocrx_word' id='word_1_175' title='bbox 259 2359 454 2407; x_wconf 76' lang='lat' dir='ltr'><strong>«Donc</strong></span> <span class='ocrx_word' id='word_1_176' title='bbox 493 2359 542 2407; x_wconf 93' lang='lat' dir='ltr'><strong>le</strong></span> <span class='ocrx_word' id='word_1_177' title='bbox 578 2358 688 2406; x_wconf 87' lang='lat' dir='ltr'><strong>bon</strong></span> <span class='ocrx_word' id='word_1_178' title='bbox 726 2374 797 2407; x_wconf 88' lang='lat' dir='ltr'><strong>ou</strong></span> <span class='ocrx_word' id='word_1_179' title='bbox 835 2358 885 2406; x_wconf 94' lang='lat' dir='ltr'><strong>le</strong></span> <span class='ocrx_word' id='word_1_180' title='bbox 923 2358 1156 2405; x_wconf 82' lang='lat' dir='ltr'><strong>mauvais</strong></span> <span class='ocrx_word' id='word_1_181' title='bbox 1208 2356 1395 2422; x_wconf 88' lang='lat' dir='ltr'><strong>emploi</strong></span> <span class='ocrx_word' id='word_1_182' title='bbox 1446 2358 1509 2404; x_wconf 90' lang='lat' dir='ltr'><strong>de</strong></span> <span class='ocrx_word' id='word_1_183' title='bbox 1562 2356 1611 2403; x_wconf 88' lang='lat' dir='ltr'><strong>la</strong></span> <span class='ocrx_word' id='word_1_184' title='bbox 1662 2356 1841 2405; x_wconf 75' lang='lat' dir='ltr'><strong>liberte</strong></span> <span class='ocrx_word' id='word_1_185' title='bbox 1896 2356 2085 2404; x_wconf 85' lang='lat' dir='ltr'><strong>morale</strong></span> 
     </span>
     <span class='ocr_line' id='line_1_24' title="bbox 77 2436 2082 2499; baseline 0.001 -17"><span class='ocrx_word' id='word_1_186' title='bbox 77 2436 176 2485; x_wconf 90' lang='lat' dir='ltr'><strong>doit</strong></span> <span class='ocrx_word' id='word_1_187' title='bbox 213 2437 328 2487; x_wconf 74' lang='lat' dir='ltr'><strong>etre</strong></span> <span class='ocrx_word' id='word_1_188' title='bbox 367 2438 418 2485; x_wconf 86' lang='lat' dir='ltr'><strong>la</strong></span> <span class='ocrx_word' id='word_1_189' title='bbox 458 2454 614 2487; x_wconf 90' lang='lat' dir='ltr'><strong>cause</strong></span> <span class='ocrx_word' id='word_1_190' title='bbox 653 2438 1032 2487; x_wconf 74' lang='lat' dir='ltr'><strong>determinante</strong></span> <span class='ocrx_word' id='word_1_191' title='bbox 1069 2438 1137 2485; x_wconf 89' lang='lat' dir='ltr'><strong>de</strong></span> <span class='ocrx_word' id='word_1_192' title='bbox 1175 2436 1484 2485; x_wconf 89' lang='lat' dir='ltr'><strong>l&#39;obtention</strong></span> <span class='ocrx_word' id='word_1_193' title='bbox 1522 2452 1588 2484; x_wconf 93' lang='lat' dir='ltr'><strong>ou</strong></span> <span class='ocrx_word' id='word_1_194' title='bbox 1628 2436 1692 2483; x_wconf 91' lang='lat' dir='ltr'><strong>de</strong></span> <span class='ocrx_word' id='word_1_195' title='bbox 1736 2436 1783 2482; x_wconf 90' lang='lat' dir='ltr'><strong>la</strong></span> <span class='ocrx_word' id='word_1_196' title='bbox 1825 2445 1964 2499; x_wconf 89' lang='lat' dir='ltr'><strong>perte</strong></span> <span class='ocrx_word' id='word_1_197' title='bbox 2016 2438 2082 2485; x_wconf 91' lang='lat' dir='ltr'><strong>du</strong></span> 
     </span>
     <span class='ocr_line' id='line_1_25' title="bbox 76 2516 2081 2583; baseline 0.001 -20"><span class='ocrx_word' id='word_1_198' title='bbox 76 2516 310 2566; x_wconf 90' lang='lat' dir='ltr'><strong>bonheur</strong></span> <span class='ocrx_word' id='word_1_199' title='bbox 349 2518 620 2583; x_wconf 78' lang='lat' dir='ltr'><strong>supreme;</strong></span> <span class='ocrx_word' id='word_1_200' title='bbox 676 2527 756 2577; x_wconf 89' lang='lat' dir='ltr'><strong>et,</strong></span> <span class='ocrx_word' id='word_1_201' title='bbox 796 2534 896 2582; x_wconf 82' lang='lat' dir='ltr'><strong>par</strong></span> <span class='ocrx_word' id='word_1_202' title='bbox 932 2518 1285 2581; x_wconf 73' lang='lat' dir='ltr'><strong>consequent,</strong></span> <span class='ocrx_word' id='word_1_203' title='bbox 1324 2517 1371 2563; x_wconf 88' lang='lat' dir='ltr'><strong>le</strong></span> <span class='ocrx_word' id='word_1_204' title='bbox 1402 2517 1534 2580; x_wconf 89' lang='lat' dir='ltr'><strong>juste</strong></span> <span class='ocrx_word' id='word_1_205' title='bbox 1572 2516 1684 2580; x_wconf 91' lang='lat' dir='ltr'><strong>qui,</strong></span> <span class='ocrx_word' id='word_1_206' title='bbox 1724 2531 1787 2563; x_wconf 88' lang='lat' dir='ltr'><strong>au</strong></span> <span class='ocrx_word' id='word_1_207' title='bbox 1825 2525 1979 2565; x_wconf 88' lang='lat' dir='ltr'><strong>terme</strong></span> <span class='ocrx_word' id='word_1_208' title='bbox 2018 2518 2081 2565; x_wconf 92' lang='lat' dir='ltr'><strong>de</strong></span> 
     </span>
     <span class='ocr_line' id='line_1_26' title="bbox 75 2595 2079 2661; baseline 0.001 -18"><span class='ocrx_word' id='word_1_209' title='bbox 75 2595 330 2661; x_wconf 81' lang='lat' dir='ltr'><strong>l’epreuve</strong></span> <span class='ocrx_word' id='word_1_210' title='bbox 349 2636 362 2658; x_wconf 90' lang='lat'><em>‚</em></span> <span class='ocrx_word' id='word_1_211' title='bbox 417 2614 476 2647; x_wconf 87' lang='lat' dir='ltr'><strong>se</strong></span> <span class='ocrx_word' id='word_1_212' title='bbox 515 2606 757 2647; x_wconf 77' lang='lat' dir='ltr'><strong>trouvera</strong></span> <span class='ocrx_word' id='word_1_213' title='bbox 796 2598 927 2646; x_wconf 85' lang='lat' dir='ltr'><strong>dans</strong></span> <span class='ocrx_word' id='word_1_214' title='bbox 963 2596 1156 2645; x_wconf 89' lang='lat' dir='ltr'><strong>l&#39;ordre</strong></span> <span class='ocrx_word' id='word_1_215' title='bbox 1196 2596 1369 2655; x_wconf 91' lang='lat' dir='ltr'><strong>moral,</strong></span> <span class='ocrx_word' id='word_1_216' title='bbox 1410 2597 1594 2645; x_wconf 83' lang='lat' dir='ltr'><strong>aimant</strong></span> <span class='ocrx_word' id='word_1_217' title='bbox 1643 2596 1909 2645; x_wconf 87' lang='lat' dir='ltr'><strong>librement</strong></span> <span class='ocrx_word' id='word_1_218' title='bbox 1946 2596 2079 2645; x_wconf 89' lang='lat' dir='ltr'><strong>Dieu</strong></span> 
     </span>
     <span class='ocr_line' id='line_1_27' title="bbox 74 2676 2076 2739; baseline 0 -16"><span class='ocrx_word' id='word_1_219' title='bbox 74 2693 158 2739; x_wconf 89' lang='lat' dir='ltr'><strong>par</strong></span> <span class='ocrx_word' id='word_1_220' title='bbox 195 2679 382 2727; x_wconf 88' lang='lat' dir='ltr'><strong>dessus</strong></span> <span class='ocrx_word' id='word_1_221' title='bbox 423 2687 541 2727; x_wconf 89' lang='lat' dir='ltr'><strong>tous</strong></span> <span class='ocrx_word' id='word_1_222' title='bbox 579 2678 658 2727; x_wconf 88' lang='lat' dir='ltr'><strong>les</strong></span> <span class='ocrx_word' id='word_1_223' title='bbox 696 2678 846 2727; x_wconf 89' lang='lat' dir='ltr'><strong>biens</strong></span> <span class='ocrx_word' id='word_1_224' title='bbox 886 2677 1046 2737; x_wconf 83' lang='lat' dir='ltr'><strong>crees,</strong></span> <span class='ocrx_word' id='word_1_225' title='bbox 1089 2686 1293 2725; x_wconf 87' lang='lat' dir='ltr'><strong>entrera</strong></span> <span class='ocrx_word' id='word_1_226' title='bbox 1330 2692 1392 2723; x_wconf 91' lang='lat' dir='ltr'><strong>en</strong></span> <span class='ocrx_word' id='word_1_227' title='bbox 1417 2676 1705 2739; x_wconf 87' lang='lat' dir='ltr'><strong>possession</strong></span> <span class='ocrx_word' id='word_1_228' title='bbox 1736 2677 1802 2724; x_wconf 91' lang='lat' dir='ltr'><strong>du</strong></span> <span class='ocrx_word' id='word_1_229' title='bbox 1829 2677 2076 2737; x_wconf 84' lang='lat' dir='ltr'><strong>bonheur,</strong></span> 
     </span>
     <span class='ocr_line' id='line_1_28' title="bbox 75 2754 2075 2824; baseline 0.001 -21"><span class='ocrx_word' id='word_1_230' title='bbox 75 2759 238 2807; x_wconf 86' lang='lat' dir='ltr'><strong>tandis</strong></span> <span class='ocrx_word' id='word_1_231' title='bbox 275 2774 378 2823; x_wconf 89' lang='lat' dir='ltr'><strong>que</strong></span> <span class='ocrx_word' id='word_1_232' title='bbox 417 2758 468 2807; x_wconf 90' lang='lat' dir='ltr'><strong>le</strong></span> <span class='ocrx_word' id='word_1_233' title='bbox 508 2758 767 2823; x_wconf 85' lang='lat' dir='ltr'><strong>coupable</strong></span> <span class='ocrx_word' id='word_1_234' title='bbox 806 2759 924 2824; x_wconf 87' lang='lat' dir='ltr'><strong>qui,</strong></span> <span class='ocrx_word' id='word_1_235' title='bbox 979 2754 1010 2805; x_wconf 74' lang='grc' dir='ltr'>ὲ</span> <span class='ocrx_word' id='word_1_236' title='bbox 1054 2756 1249 2805; x_wconf 91' lang='lat' dir='ltr'><strong>l&#39;heure</strong></span> <span class='ocrx_word' id='word_1_237' title='bbox 1302 2756 1452 2803; x_wconf 84' lang='lat' dir='ltr'><strong>fatale</strong></span> <span class='ocrx_word' id='word_1_238' title='bbox 1501 2756 1565 2806; x_wconf 88' lang='lat' dir='ltr'><strong>de</strong></span> <span class='ocrx_word' id='word_1_239' title='bbox 1617 2756 1664 2802; x_wconf 88' lang='lat' dir='ltr'><strong>la</strong></span> <span class='ocrx_word' id='word_1_240' title='bbox 1715 2757 1959 2805; x_wconf 86' lang='lat' dir='ltr'><strong>cessation</strong></span> <span class='ocrx_word' id='word_1_241' title='bbox 2012 2757 2075 2805; x_wconf 92' lang='lat' dir='ltr'><strong>de</strong></span> 
     </span>
     <span class='ocr_line' id='line_1_29' title="bbox 73 2826 2075 2901; baseline 0 -16"><span class='ocrx_word' id='word_1_242' title='bbox 73 2835 359 2901; x_wconf 83' lang='lat' dir='ltr'><strong>l&#39;epreuve,</strong></span> <span class='ocrx_word' id='word_1_243' title='bbox 401 2854 458 2887; x_wconf 91' lang='lat' dir='ltr'><strong>se</strong></span> <span class='ocrx_word' id='word_1_244' title='bbox 497 2846 739 2887; x_wconf 85' lang='lat' dir='ltr'><strong>trouvera</strong></span> <span class='ocrx_word' id='word_1_245' title='bbox 779 2826 908 2886; x_wconf 80' lang='lat' dir='ltr'><strong>dans</strong></span> <span class='ocrx_word' id='word_1_246' title='bbox 947 2854 1015 2885; x_wconf 93' lang='lat' dir='ltr'><strong>un</strong></span> <span class='ocrx_word' id='word_1_247' title='bbox 1057 2838 1159 2885; x_wconf 88' lang='lat' dir='ltr'><strong>etat</strong></span> <span class='ocrx_word' id='word_1_248' title='bbox 1198 2836 1263 2884; x_wconf 92' lang='lat' dir='ltr'><strong>de</strong></span> <span class='ocrx_word' id='word_1_249' title='bbox 1302 2835 1542 2884; x_wconf 87' lang='lat' dir='ltr'><strong>desordre</strong></span> <span class='ocrx_word' id='word_1_250' title='bbox 1580 2836 1763 2896; x_wconf 84' lang='lat' dir='ltr'><strong>moral,</strong></span> <span class='ocrx_word' id='word_1_251' title='bbox 1818 2852 1879 2885; x_wconf 91' lang='lat' dir='ltr'><strong>en</strong></span> <span class='ocrx_word' id='word_1_252' title='bbox 1917 2854 2075 2901; x_wconf 91' lang='lat' dir='ltr'><strong>oppo-</strong></span> 
     </span>
     <span class='ocr_line' id='line_1_30' title="bbox 73 2915 2075 2981; baseline 0.002 -18"><span class='ocrx_word' id='word_1_253' title='bbox 73 2916 217 2966; x_wconf 87' lang='lat' dir='ltr'><strong>sition</strong></span> <span class='ocrx_word' id='word_1_254' title='bbox 255 2918 449 2968; x_wconf 85' lang='lat' dir='ltr'><strong>voulue</strong></span> <span class='ocrx_word' id='word_1_255' title='bbox 489 2934 614 2967; x_wconf 90' lang='lat' dir='ltr'><strong>avec</strong></span> <span class='ocrx_word' id='word_1_256' title='bbox 641 2918 798 2978; x_wconf 87' lang='lat' dir='ltr'><strong>Dieu,</strong></span> <span class='ocrx_word' id='word_1_257' title='bbox 839 2934 952 2967; x_wconf 86' lang='lat' dir='ltr'><strong>sera</strong></span> <span class='ocrx_word' id='word_1_258' title='bbox 989 2916 1132 2981; x_wconf 84' lang='lat' dir='ltr'><strong>prive</strong></span> <span class='ocrx_word' id='word_1_259' title='bbox 1159 2916 1229 2963; x_wconf 89' lang='lat' dir='ltr'><strong>du</strong></span> <span class='ocrx_word' id='word_1_260' title='bbox 1255 2916 1513 2974; x_wconf 90' lang='lat' dir='ltr'><strong>bonheur;</strong></span> <span class='ocrx_word' id='word_1_261' title='bbox 1554 2915 1729 2979; x_wconf 84' lang='lat' dir='ltr'><strong>frappe</strong></span> <span class='ocrx_word' id='word_1_262' title='bbox 1756 2917 1823 2966; x_wconf 93' lang='lat' dir='ltr'><strong>du</strong></span> <span class='ocrx_word' id='word_1_263' title='bbox 1849 2918 2075 2970; x_wconf 82' lang='lat' dir='ltr'><strong>malheur</strong></span> 
     </span>
     <span class='ocr_line' id='line_1_31' title="bbox 74 2996 2070 3061; baseline 0.002 -18"><span class='ocrx_word' id='word_1_264' title='bbox 74 2996 304 3061; x_wconf 74' lang='lat' dir='ltr'><strong>supreme</strong></span> <span class='ocrx_word' id='word_1_265' title='bbox 354 2998 390 3045; x_wconf 92' lang='lat' dir='ltr'><strong>il</strong></span> <span class='ocrx_word' id='word_1_266' title='bbox 446 2996 748 3047; x_wconf 83' lang='lat' dir='ltr'><strong>demeurera</strong></span> <span class='ocrx_word' id='word_1_267' title='bbox 802 3014 867 3046; x_wconf 90' lang='lat' dir='ltr'><strong>en</strong></span> <span class='ocrx_word' id='word_1_268' title='bbox 921 2998 1279 3061; x_wconf 72' lang='lat' dir='ltr'><strong>consequence</strong></span> <span class='ocrx_word' id='word_1_269' title='bbox 1324 2996 1774 3045; x_wconf 84' lang='lat' dir='ltr'><strong>irrevocablement</strong></span> <span class='ocrx_word' id='word_1_270' title='bbox 1812 2996 1908 3045; x_wconf 89' lang='lat' dir='ltr'><strong>fixe</strong></span> <span class='ocrx_word' id='word_1_271' title='bbox 1946 2999 2070 3048; x_wconf 86' lang='lat' dir='ltr'><strong>dans</strong></span> 
     </span>
     <span class='ocr_line' id='line_1_32' title="bbox 74 3072 2069 3142; baseline 0.002 -18"><span class='ocrx_word' id='word_1_272' title='bbox 74 3088 147 3126; x_wconf 86' lang='lat' dir='ltr'><strong>cet</strong></span> <span class='ocrx_word' id='word_1_273' title='bbox 184 3080 289 3127; x_wconf 89' lang='lat' dir='ltr'><strong>etat</strong></span> <span class='ocrx_word' id='word_1_274' title='bbox 331 3079 396 3126; x_wconf 90' lang='lat' dir='ltr'><strong>de</strong></span> <span class='ocrx_word' id='word_1_275' title='bbox 438 3078 737 3127; x_wconf 88' lang='lat' dir='ltr'><strong>damnation</strong></span> <span class='ocrx_word' id='word_1_276' title='bbox 769 3076 1101 3142; x_wconf 28' lang='lat' dir='ltr'><strong>‘desesperee</strong></span> <span class='ocrx_word' id='word_1_277' title='bbox 1157 3072 1258 3135; x_wconf 69' lang='lat' dir='ltr'><strong>,Oh</strong></span> <span class='ocrx_word' id='word_1_278' title='bbox 1286 3074 1470 3124; x_wconf 83' lang='lat' dir='ltr'><strong>l’arbre</strong></span> <span class='ocrx_word' id='word_1_279' title='bbox 1497 3076 1758 3136; x_wconf 85' lang='lat' dir='ltr'><strong>tombera‘,</strong></span> <span class='ocrx_word' id='word_1_280' title='bbox 1800 3074 1872 3125; x_wconf 83' lang='lat' dir='ltr'><strong>dit</strong></span> <span class='ocrx_word' id='word_1_281' title='bbox 1897 3076 2069 3128; x_wconf 89' lang='lat' dir='ltr'><strong>l’Ecri-</strong></span> 
     </span>
     <span class='ocr_line' id='line_1_33' title="bbox 73 3152 2066 3220; baseline 0.003 -17"><span class='ocrx_word' id='word_1_282' title='bbox 73 3164 191 3218; x_wconf 87' lang='lat' dir='ltr'><strong>ture,</strong></span> <span class='ocrx_word' id='word_1_283' title='bbox 235 3159 287 3218; x_wconf 88' lang='lat' dir='ltr'><strong>,il</strong></span> <span class='ocrx_word' id='word_1_284' title='bbox 326 3158 558 3207; x_wconf 88' lang='lat' dir='ltr'><strong>restera.‘</strong></span> <span class='ocrx_word' id='word_1_285' title='bbox 635 3158 713 3205; x_wconf 79' lang='lat' dir='ltr'><strong>La</strong></span> <span class='ocrx_word' id='word_1_286' title='bbox 749 3157 922 3206; x_wconf 89' lang='lat' dir='ltr'><strong>raison</strong></span> <span class='ocrx_word' id='word_1_287' title='bbox 961 3157 1193 3220; x_wconf 81' lang='lat' dir='ltr'><strong>repugne</strong></span> <span class='ocrx_word' id='word_1_288' title='bbox 1235 3152 1265 3203; x_wconf 72' lang='lat' dir='ltr'><strong>a</strong></span> <span class='ocrx_word' id='word_1_289' title='bbox 1300 3154 1451 3204; x_wconf 83' lang='lat' dir='ltr'><strong>l&#39;idee</strong></span> <span class='ocrx_word' id='word_1_290' title='bbox 1489 3172 1615 3220; x_wconf 87' lang='lat' dir='ltr'><strong>que,</strong></span> <span class='ocrx_word' id='word_1_291' title='bbox 1669 3157 1796 3205; x_wconf 89' lang='lat' dir='ltr'><strong>dans</strong></span> <span class='ocrx_word' id='word_1_292' title='bbox 1847 3157 1895 3206; x_wconf 89' lang='grc'><strong>18</strong></span> <span class='ocrx_word' id='word_1_293' title='bbox 1943 3158 2066 3210; x_wconf 89' lang='lat' dir='ltr'><strong>lutte</strong></span> 
     </span>
     <span class='ocr_line' id='line_1_34' title="bbox 72 3236 2065 3296; baseline 0.004 -13"><span class='ocrx_word' id='word_1_294' title='bbox 72 3248 210 3286; x_wconf 85' lang='lat' dir='ltr'><strong>entre</strong></span> <span class='ocrx_word' id='word_1_295' title='bbox 248 3238 326 3287; x_wconf 89' lang='lat' dir='ltr'><strong>les</strong></span> <span class='ocrx_word' id='word_1_296' title='bbox 366 3238 500 3287; x_wconf 86' lang='lat' dir='ltr'><strong>abus</strong></span> <span class='ocrx_word' id='word_1_297' title='bbox 539 3239 605 3286; x_wconf 92' lang='lat' dir='ltr'><strong>de</strong></span> <span class='ocrx_word' id='word_1_298' title='bbox 645 3238 694 3285; x_wconf 87' lang='lat' dir='ltr'><strong>la</strong></span> <span class='ocrx_word' id='word_1_299' title='bbox 731 3237 914 3285; x_wconf 87' lang='lat' dir='ltr'><strong>liberte</strong></span> <span class='ocrx_word' id='word_1_300' title='bbox 953 3245 1005 3285; x_wconf 90' lang='lat' dir='ltr'><strong>et</strong></span> <span class='ocrx_word' id='word_1_301' title='bbox 1044 3237 1092 3284; x_wconf 90' lang='lat' dir='ltr'><strong>le</strong></span> <span class='ocrx_word' id='word_1_302' title='bbox 1131 3236 1333 3296; x_wconf 86' lang='lat' dir='ltr'><strong>devoir,</strong></span> <span class='ocrx_word' id='word_1_303' title='bbox 1381 3245 1520 3285; x_wconf 88' lang='lat' dir='ltr'><strong>entre</strong></span> <span class='ocrx_word' id='word_1_304' title='bbox 1558 3236 1605 3283; x_wconf 87' lang='grc'><strong>18</strong></span> <span class='ocrx_word' id='word_1_305' title='bbox 1643 3236 1866 3286; x_wconf 85' lang='lat' dir='ltr'><strong>creature</strong></span> <span class='ocrx_word' id='word_1_306' title='bbox 1903 3239 2065 3291; x_wconf 88' lang='lat' dir='ltr'><strong>insou-</strong></span> 
     </span>
     <span class='ocr_line' id='line_1_35' title="bbox 74 3315 2063 3383; baseline 0.003 -18"><span class='ocrx_word' id='word_1_307' title='bbox 74 3318 186 3367; x_wconf 90' lang='lat' dir='ltr'><strong>mise</strong></span> <span class='ocrx_word' id='word_1_308' title='bbox 225 3328 278 3367; x_wconf 90' lang='lat' dir='ltr'><strong>et</strong></span> <span class='ocrx_word' id='word_1_309' title='bbox 316 3318 367 3367; x_wconf 90' lang='lat' dir='ltr'><strong>le</strong></span> <span class='ocrx_word' id='word_1_310' title='bbox 405 3318 644 3367; x_wconf 87' lang='lat' dir='ltr'><strong>createur</strong></span> <span class='ocrx_word' id='word_1_311' title='bbox 678 3317 1092 3367; x_wconf 86' lang='lat' dir='ltr'><strong>misericordieux</strong></span> <span class='ocrx_word' id='word_1_312' title='bbox 1130 3317 1216 3379; x_wconf 87' lang='lat' dir='ltr'><strong>qui</strong></span> <span class='ocrx_word' id='word_1_313' title='bbox 1253 3315 1567 3379; x_wconf 83' lang='lat' dir='ltr'><strong>aujourd&#39;hui</strong></span> <span class='ocrx_word' id='word_1_314' title='bbox 1605 3315 1653 3365; x_wconf 85' lang='lat' dir='ltr'><strong>la</strong></span> <span class='ocrx_word' id='word_1_315' title='bbox 1690 3326 1932 3383; x_wconf 86' lang='lat' dir='ltr'><strong>supporte</strong></span> <span class='ocrx_word' id='word_1_316' title='bbox 1947 3359 1959 3382; x_wconf 90' lang='lat'><em>,</em></span> <span class='ocrx_word' id='word_1_317' title='bbox 2014 3322 2063 3373; x_wconf 90' lang='lat' dir='ltr'><strong>le</strong></span> 
     </span>
    </p>
   </div>
   <div class='ocr_carea' id='block_1_9' title="bbox 75 3391 1903 3539">
    <p class='ocr_par' dir='ltr' id='par_1_10' title="bbox 75 3391 1903 3539">
     <span class='ocr_line' id='line_1_36' title="bbox 75 3391 1903 3460; baseline 0.001 -16"><span class='ocrx_word' id='word_1_318' title='bbox 75 3398 271 3447; x_wconf 87' lang='lat' dir='ltr'><strong>dernier</strong></span> <span class='ocrx_word' id='word_1_319' title='bbox 309 3406 419 3446; x_wconf 90' lang='lat' dir='ltr'><strong>mot</strong></span> <span class='ocrx_word' id='word_1_320' title='bbox 457 3398 694 3446; x_wconf 86' lang='lat' dir='ltr'><strong>resterait</strong></span> <span class='ocrx_word' id='word_1_321' title='bbox 734 3394 765 3445; x_wconf 79' lang='grc' dir='ltr'><strong>ὲ,</strong></span> <span class='ocrx_word' id='word_1_322' title='bbox 802 3396 853 3446; x_wconf 87' lang='lat' dir='ltr'><strong>la</strong></span> <span class='ocrx_word' id='word_1_323' title='bbox 890 3396 1086 3445; x_wconf 86' lang='lat' dir='ltr'><strong>revolte</strong></span> <span class='ocrx_word' id='word_1_324' title='bbox 1126 3395 1380 3460; x_wconf 77' lang='lat' dir='ltr'><strong>impunie»</strong></span> <span class='ocrx_word' id='word_1_325' title='bbox 1430 3391 1669 3457; x_wconf 85' lang='lat' dir='ltr'><strong>(Mercier</strong></span> <span class='ocrx_word' id='word_1_326' title='bbox 1704 3396 1734 3445; x_wconf 86' lang='lat' dir='ltr'><strong>l.</strong></span> <span class='ocrx_word' id='word_1_327' title='bbox 1775 3395 1863 3460; x_wconf 57' lang='grc' dir='ltr'><strong>ομ).</strong></span> <span class='ocrx_word' id='word_1_328' title='bbox 1898 3412 1903 3415; x_wconf 90' lang='grc'><em>·</em></span> 
     </span>
     <span class='ocr_line' id='line_1_37' title="bbox 1629 3482 1739 3539; baseline 0 -14"><span class='ocrx_word' id='word_1_329' title='bbox 1629 3491 1688 3539; x_wconf 93' lang='lat'><strong>17</strong></span> <span class='ocrx_word' id='word_1_330' title='bbox 1711 3482 1739 3511; x_wconf 74' lang='lat'><strong>¹·</strong></span> 
     </span>
    </p>
   </div>
  </div>
 </body>
</html>
