2367 3850
816 234 895 270 DE
935 233 1205 272 SCIENTIA
1245 236 1361 273 DEI.
1974 239 2076 289 233

205 379 412 437 Primo
455 380 620 439 enim
663 383 862 440 multis
903 401 1028 440 non
1071 385 1210 441 satis
1252 394 1533 460 apparet,
1592 386 1901 459 quomodo
1942 405 2077 444 cum

93 469 188 525 tali
231 487 532 528 concursu
573 481 1006 546 praemovente
1049 472 1402 531 concilietur
1442 473 1683 533 libertas
1724 474 2000 533 humana.

209 559 535 617 Praeterea
561 561 694 618 talis
723 559 1002 619 doctrina
1029 563 1227 620 multis
1246 561 1481 620 videtur
1498 581 1622 620 non
1643 563 1941 638 explicare
1964 564 2079 622 Dei

97 639 504 721 cognitionem
548 649 713 708 circa
753 660 1022 724 peccata,
1071 649 1212 725 quia
1240 652 1439 710 Deum
1479 652 1725 710 decreto
1755 671 1862 710 suo
1890 653 2079 712 libero

95 747 478 810 peccatorem
522 739 602 796 ad
643 749 960 812 peccatum
997 757 1409 814 praemovere,
1454 741 1684 800 admitti
1712 761 1836 800 non
1864 751 2078 818 potest.

213 825 351 898 Qua
398 826 476 885 de
534 845 714 886 causa
757 827 1095 887 molinistae
1151 829 1331 888 aliam
1384 829 1728 905 explicandi
1784 831 2080 890 rationem

97 915 602 990 excogitaverunt.

211 1031 278 1088 B.
341 1040 676 1090 Declaratur
711 1040 995 1090 sententia
1031 1041 1461 1092 molinistarum.

212 1133 558 1195 Molinistae
614 1154 741 1194 non
799 1136 1134 1212 duplicem,
1198 1137 1304 1197 sed
1363 1137 1660 1213 triplicem
1715 1138 2083 1213 distinguunt

97 1223 208 1281 Dei
246 1226 538 1281 scientiam
553 1247 573 1284 .·
615 1225 926 1283 scientiam
969 1227 1229 1296 visiom‘S,
1272 1225 1583 1285 scientiam
1625 1228 1886 1303 simplicis
1926 1228 2081 1284 intel-

100 1314 398 1386 legentiae,
456 1313 770 1372 scientiam
825 1325 1070 1373 mediam
1089 1361 1102 1384 ,
1157 1316 1321 1374 cuius
1364 1315 1665 1374 obiectum
1710 1317 1900 1373 futura
1942 1334 2081 1373 con-

101 1401 400 1460 dicionata
440 1404 632 1461 libera
674 1421 804 1462 esse
847 1403 1054 1462 dicunt
1081 1403 1113 1462 ¹.

215 1491 350 1567 Ope
396 1491 568 1550 huius
611 1493 1010 1552 distinctionis
1054 1493 1461 1569 cognitionem
1505 1494 1623 1553 Dei
1665 1494 1827 1552 circa
1887 1495 2077 1552 futura

101 1578 280 1638 libera
322 1580 412 1639 sic
455 1581 792 1657 explicant:

214 1671 437 1728 Futura
478 1670 672 1729 libera
712 1671 1013 1743 absoluta,
1070 1671 1307 1743 dicunt,
1367 1673 1533 1731 Deus
1576 1671 1886 1748 cognoscit
1940 1683 2077 1730 ante

105 1776 274 1817 omne
315 1758 634 1818 decretum
676 1779 816 1819 suae
859 1760 1176 1818 voluntatis
1222 1761 1281 1819 in
1312 1781 1375 1820 se
1405 1762 1547 1837 ipsis
1576 1761 1697 1820 sive
1728 1761 1790 1819 in
1820 1762 2079 1837 ipsarum

104 1829 354 1906 veritate⁸
389 1849 621 1907 futurae
665 1849 1041 1909 exsistentiae
1067 1851 1103 1907 ³.

217 1939 438 1997 Futura
482 1949 680 1997 autem
714 1940 906 1999 libera
933 1939 1358 1999 condicionata
1388 1958 1505 2016 ope
1534 1940 1814 1999 scientiae
1844 1939 2078 1999 mediae

106 2028 260 2085 Deus
300 2028 469 2087 videt
511 2028 654 2087 item
698 2028 760 2087 in
803 2046 1008 2087 earum
1050 2028 1297 2088 veritate
1353 2030 1651 2088 obiectiva
1706 2039 1841 2088 ante
1898 2047 2077 2087 omne

105 2114 406 2175 decretum
430 2119 468 2176 ⁸.
556 2118 757 2191 Quam
799 2118 1157 2177 sententiam
1200 2119 1284 2177 sic
1326 2120 1613 2194 probant:

219 2292 239 2323 ²
276 2294 503 2345 Scientia
538 2294 709 2343 media
745 2296 812 2344 ab
849 2296 970 2361 ipsis
1008 2296 1243 2345 definitur
1277 2304 1332 2345 ut
1382 2297 1475 2345 sit:
1536 2312 1623 2345 «ea
1674 2296 1928 2361 cognitio,
1982 2313 2080 2361 qua

106 2375 239 2423 Deus
295 2376 491 2439 absque
549 2377 756 2425 decreto
811 2376 1171 2442 praemotionis
1227 2376 1333 2425 sive
1393 2377 1953 2441 praedeterminationis
2014 2378 2080 2425 ad

106 2470 252 2503 unum
287 2456 533 2520 physicae
572 2456 639 2504 ab
678 2464 886 2505 aeterno
925 2458 1178 2521 cognovit,
1220 2457 1341 2521 quid
1378 2457 1635 2521 quaelibet
1672 2468 1898 2505 creatura
1923 2458 2081 2506 libera

107 2536 193 2583 sub
229 2536 456 2600 qualibet
495 2536 830 2585 determinata
869 2537 1175 2587 condicione
1215 2546 1415 2601 ageret,
1468 2538 1511 2585 si
1560 2553 1655 2585 usu
1704 2538 1949 2587 libertatis
2000 2554 2079 2586 ex-

106 2616 276 2679 pedito
309 2617 515 2681 pollens
554 2617 606 2664 in
646 2633 708 2665 ea
743 2625 1050 2683 poneretur»
1098 2615 1344 2681 (Boedder
1378 2617 1410 2665 1.
1451 2634 1493 2667 c.
1533 2634 1586 2681 p.
1627 2615 1774 2680 212).

219 2693 241 2725 ²
279 2696 360 2745 Cf.
396 2698 728 2765 Itqngmann,
766 2698 850 2745 De
887 2698 1004 2745 Deo
1042 2712 1146 2745 uno
1185 2707 1237 2746 et
1273 2697 1409 2747 trino
1446 2714 1495 2763 p.
1543 2706 1658 2757 147.
1708 2699 1927 2747 Boedder
1961 2699 1993 2746 1.
2034 2715 2077 2747 c.

107 2792 149 2838 p.
189 2788 284 2823 211
327 2776 458 2825 haec
497 2778 680 2827 docet:
743 2779 934 2826 «Actus
973 2778 1162 2825 liberos
1202 2777 1430 2825 absolute
1468 2778 1659 2825 futuros
1696 2779 1839 2826 Deus
1876 2778 1971 2826 sub
2011 2779 2079 2826 lu-

107 2854 233 2903 mine
270 2872 394 2905 suae
432 2858 498 2905 de
535 2873 710 2907 eorum
747 2857 1039 2906 futuritione
1077 2856 1431 2913 condicionata
1473 2857 1709 2906 scientiae
1761 2858 1812 2905 in
1865 2858 2081 2908 decretis

107 2935 202 2984 suis
239 2937 556 3001 cognoscit.»
691 2940 696 2946 “

221 3014 242 3045 ³
279 3016 358 3066 Cf.
396 3018 694 3081 Iungmann
731 3018 764 3067 l.
807 3033 851 3067 c.
890 3034 942 3083 p.
989 3026 1106 3080 151.
1163 3016 1383 3067 Boedder
1416 3032 1537 3067 vero
1576 3017 1607 3066 1.
1649 3032 1692 3067 c.
1731 3034 1782 3083 p.
1813 3018 1914 3067 208
1951 3020 2080 3069 haec

106 3096 280 3145 habet:
340 3097 620 3160 «Quaestio
672 3106 840 3147 autem
888 3098 990 3147 hoc
1040 3098 1158 3147 loco
1196 3096 1603 3147 solvenda'haec
1640 3107 1745 3146 est:
1798 3098 1903 3147 Cur
1937 3101 2081 3148 Deus

105 3176 152 3223 vi
188 3178 434 3227 essentiae
472 3194 594 3229 suae
631 3195 732 3243 qua
768 3179 958 3243 speciei
993 3176 1341 3243 intellegibilis
1379 3176 1661 3227 necessario
1701 3178 1919 3226 intuetur
1954 3180 2081 3228 futu-

107 3256 332 3308 ritionem
371 3258 778 3307 condicionatam
826 3267 968 3308 actus
1020 3258 1163 3306 liberi
1214 3266 1269 3307 ut
1321 3257 1574 3307 obiective
1629 3260 1830 3306 veram?
1905 3259 2081 3308 Utrum

107 3347 395 3403 propterea,
436 3339 556 3404 quia
594 3340 684 3388 illa
719 3339 946 3389 futuritio
985 3354 1098 3387 cum
1136 3338 1307 3403 aliqua
1343 3338 1551 3386 veritate
1589 3338 1883 3403 ontologica
1900 3378 1911 3399 ,
1952 3357 2080 3405 quae

111 3417 210 3481 ipsa
245 3418 312 3469 sit
351 3418 495 3484 prior
533 3426 584 3468 et
621 3420 737 3469 Deo
776 3427 1062 3484 perspecta,
1104 3417 1393 3466 naturaliter
1429 3425 1479 3464 et
1515 3416 1867 3465 inevitabiliter
1903 3435 2079 3471 conec-
