2367 3850
188 1 387 14 ...-*--Γ
435 1 444 4 ,
464 2 471 4 .

289 23 298 30 .

355 227 434 262 DE
473 227 925 263 OPERATIONIBUS
965 226 1075 262 VEL
1115 225 1352 262 ACTIBUS
1391 225 1768 262 VOLUNTATIS.
1985 223 2049 277 75

185 393 215 430 2
228 419 240 431 .
306 375 413 430 Ex
440 382 621 450 parte
650 373 1039 450 perfectionis,
1096 392 1216 448 qua
1269 371 1402 431 finis
1448 374 1829 448 cognoscitur
1869 381 1930 432 et
1971 372 2056 430 in-

56 462 353 534 tenditur,
388 463 672 522 dividitur
701 463 762 520 in
790 461 1185 521 voluntarium
1213 463 1544 538 perfectum
1573 473 1634 521 et
1659 461 2052 521 voluntarium

54 549 513 626 imperfectum.

180 641 529 716 Perfectum
570 641 715 700 illud
756 652 876 712 est,
937 641 1103 715 quod
1144 642 1209 698 fit
1249 658 1322 698 ex
1364 643 1546 716 plena
1589 639 1932 716 cognitione
1974 640 2057 698 in·

56 730 351 788 tellectus
393 740 454 788 et
494 732 679 805 pleno
724 747 1021 789 consensu
1061 729 1398 800 voluntatiS,
1443 741 1506 789 ut
1548 729 1596 788 si
1625 729 1758 804 quis
1788 730 2056 805 perfecte

56 819 271 877 sciens
314 828 379 877 et
418 821 629 878 volens
673 819 821 878 feria
861 821 949 876 VI
992 837 1236 877 carnem
1279 819 1418 878 edit.

186 907 605 984 Imperfectum
659 908 805 966 illud
847 919 964 979 est,
1008 908 1192 982 *quod
1245 909 1310 966 fit
1364 927 1498 968 cum
1555 906 1901 984 cognitione
1957 906 2058 964 im-

60 997 350 1072 perfecta
390 999 489 1056 vel
531 1016 605 1056 ex
633 1015 930 1056 consensu
958 1017 1084 1056 non
1117 999 1320 1072 plene,
1365 1009 1428 1056 ut
1455 997 1749 1073 contingit
1791 996 1852 1054 in
1891 995 2059 1056 semi·

58 1086 435 1145 dormiente.
495 1086 758 1159 Quando
788 1089 865 1146 de
894 1086 1230 1144 voluntario
1271 1085 1399 1145 sine
1441 1086 1646 1145 addita
1687 1085 2057 1146 restrictione

64 1193 275 1233 sermo
321 1187 429 1246 est,
474 1175 835 1250 intellegitur
876 1175 1276 1233 voluntarium
1317 1176 1652 1251 perfectum
1677 1177 1710 1233 ¹.

196 1282 253 1337 3.
300 1265 410 1322 Ex
428 1272 609 1341 parte
648 1266 816 1334 modi,
863 1283 984 1340 quo
1027 1265 1300 1323 voluntas
1343 1275 1631 1335 movetur,
1677 1263 1958 1322 dividitur
1999 1263 2058 1321 in

66 1353 486 1412 necessarium
526 1364 589 1412 et
629 1353 898 1413 liberum.

195 1442 606 1501 Necessarium
642 1443 789 1501 illud
818 1454 921 1515 est,
970 1444 1133 1518 quod
1175 1443 1449 1502 voluntas
1491 1442 1573 1502 ita
1601 1442 1956 1518 exsequitur,
1998 1453 2062 1500 ut

70 1549 199 1588 non
243 1532 438 1607 possit
479 1531 542 1591 id
583 1549 708 1590 non
750 1531 1011 1608 exsequi.
1072 1532 1170 1591 Sic
1213 1531 1374 1591 beati
1413 1531 1477 1590 in
1519 1533 1690 1591 caelo
1730 1533 2061 1590 voluntarie

76 1619 333 1694 quidem
352 1667 366 1692 ,
424 1621 533 1680 sed
575 1631 777 1680 tamen
817 1620 1154 1680 voluntario
1210 1621 1552 1680 necessario
1595 1623 1793 1679 Deum
1839 1630 2058 1679 amant.

198 1711 477 1768 Liberum
503 1711 650 1768 illud
677 1720 783 1782 est,
813 1711 979 1786 quod
1006 1712 1280 1770 voluntas
1300 1711 1380 1768 ita
1399 1710 1753 1786 exsequitur,
1783 1721 1847 1769 ut
1863 1709 2062 1768 activi·

76 1799 215 1856 tatis
242 1817 387 1857 suae
418 1798 750 1858 dominium
778 1799 1029 1873 habeat3
1060 1799 1226 1874 quod
1253 1799 1510 1875 proinde
1539 1799 1730 1876 potuit
1751 1809 1890 1858 ante
1911 1800 2062 1875 posi-

77 1886 311 1947 tionem
330 1899 497 1948 actus
517 1907 642 1948 non
662 1888 923 1965 exsequi.
969 1887 1069 1948 Sic
1087 1891 1271 1948 horno
1291 1888 1381 1948 his
1401 1889 1462 1948 in
1481 1888 1652 1949 terris
1667 1891 1860 1949 Deum
1883 1899 2058 1947 amat.

476 2049 513 2117 ξ
554 2064 601 2102 2.
664 2055 753 2103 De
791 2055 1107 2105 voluntario
1146 2054 1325 2105 libero
1364 2054 1678 2118 speciatim.

204 2167 251 2224 I.
297 2175 476 2224 Notio
516 2175 785 2225 libertatis
823 2177 1114 2227 evolvitur.

212 2275 261 2313 1.
326 2256 593 2313 Libertas
652 2258 714 2314 in
764 2274 971 2331 genere
1030 2267 1118 2316 est
1186 2258 1513 2315 immunitas
1571 2258 1643 2315 ab
1711 2258 2059 2332 obligatione.

90 2343 397 2419 Obligatio
440 2363 586 2403 vero
629 2344 727 2403 hic
769 2345 1132 2420 intellegitur
1171 2348 1453 2421 quidquid
1476 2348 1815 2405 determinat
1852 2365 1948 2405 ens
1987 2348 2072 2404 ad

88 2434 165 2488 sic
200 2452 259 2490 se
298 2433 619 2491 habendum
673 2442 730 2491 et
780 2454 895 2493 non
949 2435 1133 2493 aliter.
1222 2436 1362 2509 Quo
1417 2436 1612 2495 maior
1665 2435 1920 2512 proinde
1976 2446 2064 2495 est

92 2520 187 2578 illa
213 2520 559 2581 immunitas
588 2542 625 2580 a
652 2523 1079 2599 dependentia,
1124 2542 1200 2583 eo
1229 2525 1421 2584 maior
1449 2536 1537 2585 est
1565 2525 1822 2583 libertas,
1881 2524 2062 2584 Unde

94 2611 270 2682 Deus,
318 2629 456 2669 cum
499 2611 573 2670 sit
614 2630 720 2671 ens
762 2634 799 2671 a
826 2630 908 2683 se,
952 2631 1155 2688 neque
1200 2614 1276 2672 ab
1303 2614 1426 2673 ullo
1454 2614 1571 2672 alio
1602 2624 1738 2673 ente
1768 2614 1843 2672 ad
1874 2614 2065 2672 taliter

96 2718 218 2758 sese
260 2700 611 2760 habendum
655 2702 1097 2773 determinetur,
1141 2704 1400 2762 maxima
1440 2704 1658 2779 gaudet
1698 2704 1985 2762 libertate.

209 2789 520 2865 Obligatio
562 2801 761 2849 autem
802 2791 903 2850 illa
944 2801 1143 2869 potest
1185 2794 1280 2850 vel
1324 2791 1466 2850 oriri
1517 2812 1553 2850 a
1594 2795 1726 2868 lege
1769 2794 1864 2852 vel
1907 2791 2064 2851 effici

96 2897 128 2933 a
166 2878 223 2935 vi
264 2879 536 2954 physica.
621 2883 691 2938 In
742 2880 945 2956 priore
1002 2900 1143 2939 casu
1184 2881 1523 2939 immunitas
1578 2883 1656 2940 ab
1698 2881 2064 2957 obligatione

99 2966 304 3025 dicitur
360 2969 595 3027 libertas
647 2970 1104 3045 independentiae
1152 2972 1248 3029 vel
1301 2972 1533 3029 libertas
1595 2972 1853 3040 moralis,
1910 2989 2065 3045 quae

99 3056 292 3114 stricto
322 3075 499 3115 sensu
528 3068 779 3134 accepta
806 3076 931 3117 non
960 3058 1245 3118 convenit
1272 3060 1384 3118 nisi
1414 3061 1582 3133 De03
1620 3060 1682 3117 in
1711 3061 1897 3117 altero
1927 3077 2065 3117 casu

100 3144 332 3205 libertas
374 3146 590 3205 dicitur
620 3149 1021 3223 psychologica.
1108 3150 1203 3207 De
1245 3167 1364 3223 qua
1404 3150 1674 3207 libertate
1717 3148 1814 3206 hic
1857 3147 2063 3223 agitur.

214 3321 231 3352 ¹
272 3324 353 3373 Cf.
394 3325 690 3383 Lekmkuhl,
730 3326 909 3375 Theol.
950 3326 1156 3375 moralis
1194 3328 1231 3386 1,
1280 3339 1334 3373 11
1379 3335 1430 3374 et
1476 3338 1564 3385 123
1607 3326 1725 3374 item
1762 3326 1916 3375 Marc
1949 3325 1981 3374 l.
2021 3340 2064 3372 c.

109 3419 151 3451 n.
188 3414 282 3465 ²71
329 3420 437 3469 sqq.
