2367 3850
701 185 780 220 DE
817 184 1325 223 lMMUTABILITATE
1364 187 1479 224 DEI.
1978 185 2079 237 225

127 348 248 387 nem
287 329 672 390 intrinsecam
714 333 950 408 patitur.
1020 334 1183 391 Talis
1226 343 1314 392 est
1356 353 1408 393 e.
1440 353 1496 409 g.
1528 335 1791 406 mutatio,
1838 353 1991 412 quae
2022 336 2087 393 fit

129 420 180 475 in
216 420 437 492 arbore,
482 421 731 506 quando
773 440 846 480 ex
887 441 1014 480 non
1043 423 1287 500 cognita
1326 426 1390 482 fit
1419 424 1675 500 cognita.
1738 425 1936 498 Quam
1966 444 2087 482 mu-

129 506 386 567 tationem
427 527 502 569 ex
544 497 855 586 ontologia
895 511 1114 570 scimus
1155 531 1285 572 esse
1328 513 1716 572 mutationem
1759 513 2088 590 improprie

129 597 344 656 dictam.

233 695 456 768 Quibus
483 695 820 771 declaratis,
859 713 1064 758 sensus
1092 699 1274 760 thesis
1302 710 1543 760 nostrae
1572 700 1672 758 hic
1699 708 1819 758 est:
1863 701 1919 758 A
1950 701 2087 758 Deo
2138 715 2145 724 ’

129 785 471 844 removenda
513 796 604 844 est
645 787 840 846 omnis
883 789 1130 846 mutatio
1158 788 1483 848 intrinseca
1521 799 1581 848 et
1608 787 1864 864 proinde
1894 788 2091 848 omnis

52 897 54 900 >
130 883 314 944 motUS,
358 873 482 933 sive
526 875 666 946 lat0,
711 875 834 935 sive
871 878 1060 952 magis
1090 877 1312 950 strict0‚
1369 878 1492 936 sive
1536 877 1739 936 stricto
1782 895 1959 936 sensu
2000 895 2093 936 ac-

129 971 330 1036 ceptus,
427 964 574 1022 Non
635 974 834 1023 autem
893 967 1315 1025 contendimus
1372 985 1409 1024 a
1466 968 1603 1025 Deo
1662 965 2093 1026 removendam

130 1067 238 1108 esse
256 1069 496 1110 ornnem
515 1053 907 1113 mutationem
938 1054 1349 1127 extrinsecam,
1380 1057 1476 1113 vel
1504 1055 1829 1130 improprie
1851 1054 2091 1123 dictam,

129 1157 227 1197 nec
263 1141 636 1200 excludimus
689 1145 766 1202 ab
809 1161 886 1202 eo
927 1153 1155 1203 motum
1198 1163 1376 1204 sensu
1417 1143 1703 1202 latissimo
1758 1153 2092 1217 acceptum,

132 1239 398 1302 quatenus
439 1231 670 1290 scilicet
719 1231 1014 1308 significat
1063 1233 1257 1308 ipsam
1298 1232 1659 1292 activitatem
1676 1278 1691 1303 ,
1750 1250 1906 1305 quae
1962 1241 2095 1289 actu

131 1329 415 1377 exercetur
442 1322 473 1379 ¹.
535 1322 680 1379 Hoc
723 1321 884 1380 enim
915 1340 1090 1380 sensu
1120 1325 1287 1382 Deus
1316 1322 1533 1381 dicitur
1562 1322 1817 1396 primum
1848 1338 2096 1378 movens

131 1424 345 1482 semper
386 1407 450 1465 in
492 1419 682 1470 motu,

233 1552 440 1611 Thesis
481 1562 690 1612 nostra
712 1555 842 1629 fide
883 1563 1038 1613 certa
1078 1566 1183 1614 est.
1270 1553 1542 1613 Etenim:

241 1677 286 1716 1.
337 1659 612 1731 «Initio»,
657 1661 740 1719 ait
766 1661 1094 1732 Psalmista‚
1145 1671 1242 1718 «tu
1272 1660 1537 1718 Domine
1575 1670 1793 1718 terram
1824 1655 2097 1728 fundasti,

137 1755 185 1802 et
221 1765 400 1822 opera
441 1767 730 1806 manuum
772 1759 1004 1807 tuarum
1061 1760 1197 1808 sunt
1251 1749 1419 1808 caeli.
1506 1748 1653 1823 Ipsi·
1672 1747 1981 1822 peribunt,
2040 1755 2102 1803 tu

137 1845 308 1894 autem
349 1853 702 1912 permanes:
749 1849 809 1896 et
850 1857 1061 1896 omnes
1103 1837 1254 1896 sicut
1285 1834 1705 1896 vestimentum
1732 1845 2102 1894 veterascent

218 1937 314 1984 .tu
367 1937 568 1986 autem
615 1927 780 1987 idem
835 1928 964 2003 ipse
1007 1946 1102 2000 eS,
1165 1939 1227 1986 et
1286 1927 1430 1985 anni
1480 1927 1563 1985 tui
1608 1945 1735 1984 non
1782 1923 2095 1983 deficient»

140 2008 234 2087 (Ps.
282 2036 407 2086 101,
459 2020 533 2073 26
564 2012 745 2092 sqq.).

245 2132 293 2169 2.
343 2114 692 2172 Concilium
734 2130 879 2173 vero
921 2113 1283 2173 Vaticanum
1329 2115 1523 2171 Deum
1569 2109 1955 2170 substantiam
2003 2107 2103 2164 im·

83 2284 86 2288 ¹
138 2202 460 2261 mutabilem
505 2221 638 2261 esse
687 2203 1030 2262 declaravit.

239 2345 440 2395 'rhesis
478 2346 764 2411 probatio.
838 2331 952 2411 (Ex
993 2336 1112 2395 Dei
1154 2328 1485 2408 infinitate.)
1571 2332 1631 2391 Si
1674 2333 1837 2388 Deus
1892 2322 2105 2383 mutari

143 2436 316 2497 posset
340 2426 675 2484 mutatione
705 2424 1046 2497 intrinseca,
1091 2425 1210 2481 hoc
1246 2426 1416 2481 fieret
1443 2423 1538 2481 vel
1568 2438 1659 2491 e0,
1695 2416 1857 2493 quod
1884 2431 2104 2472 novam

141 2512 377 2587 aliquam
420 2515 867 2591 perfectionem
907 2508 1151 2590 (actum)
1199 2511 1513 2586 acquirere
1567 2517 1798 2583 posset,
1860 2504 1953 2561 vel
2010 2515 2102 2567 e0,

145 2602 284 2675 quod
310 2603 752 2678 perfectionem
779 2604 1042 2677 aliquam
1087 2611 1291 2676 posset
1332 2599 1620 2657 amittere.
1678 2595 1797 2651 Sed
1836 2600 2105 2649 neutrum

143 2690 250 2748 fieri
287 2702 515 2766 potest:
559 2709 686 2748 non
727 2701 923 2766 potest
966 2708 1189 2747 novam
1238 2687 1541 2746 entitatem
1576 2681 1904 2756 acquirere,
1948 2675 2105 2749 quia,

52 2820 54 2823 >
143 2789 320 2854 utpote
362 2779 598 2837 infinite
641 2780 960 2855 perfectuS‚
1005 2795 1186 2836 omne
1230 2793 1361 2834 esse
1404 2772 1703 2850 possidet·
1758 2784 1871 2823 nec
1915 2771 2110 2838 potest

143 2868 440 2945 quicquam
471 2869 765 2938 amittere,
798 2868 939 2942 quia
967 2884 1144 2942 posse
1173 2866 1445 2922 amittere
1471 2856 1906 2936 perfectionem
1927 2868 2107 2925 quan-

52 2978 54 2983 ·
144 2956 262 3014 dam
299 2958 553 3016 includit
580 2956 1120 3033 imperfectionem.
1182 2955 1346 3027 Ergo
1378 2953 1542 3008 Deus
1584 2964 1710 3003 non
1754 2950 1950 3017 potest
1988 2954 2107 2994 mu-

144 3046 236 3103 tari
271 3041 607 3105 mutatione
645 3044 985 3103 intrinseca.

252 3255 268 3285 ¹
303 3258 381 3307 Cf.
419 3258 525 3307 vol.
565 3258 606 3317 I,
649 3267 770 3317 227.

238 3453 618 3501 Reinstadler,
653 3452 792 3493 Elem.
823 3450 982 3501 philos.
1015 3444 1152 3485 schol.
1199 3443 1258 3482 11.
1728 3434 1786 3482 15

1872 3697 1919 3762 παῖ’-1

1900 3704 1997 3763 la-
