2367 3850
2220 0 2347 194 Ἲ

263 249 321 285 12
692 247 1202 285 ANTHROPOLOGIA.
1268 247 1407 283 PARS
1446 245 1787 284 ANALYTICA.

256 397 438 454 instar
493 395 787 454 vesiculae
843 395 1240 454 communiter
1294 403 1526 453 constat
1579 393 1907 449 membrana
1964 391 2251 467 undique

257 486 456 543 clausa
497 497 556 544 et
597 485 659 543 in
701 503 765 543 se
807 482 1153 544 continente
1197 482 1583 546 substantiam
1624 479 2137 554 solido-liquidam
2184 493 2253 539 et
2346 507 2348 512 ·

257 572 581 634 admodum
623 573 1028 632 contractilem
1048 619 1061 645 ,
1106 591 1290 648 quam
1318 573 1712 648 protoplasma
1752 580 1988 629 vocant.
2068 572 2253 628 Intra

256 665 663 739 protoplasma
705 663 828 721 fere
883 659 1120 738 semper
1174 672 1265 720 est
1319 660 1574 736 nucleus,
1634 660 1738 736 qui
1790 669 1853 718 ut
1912 659 2249 735 plurimum

255 752 383 828 ipse
424 753 734 811 nucleolos
775 751 1042 809 continet
1085 745 1203 826 (fig.
1254 769 1283 807 2
1328 749 1413 818 A,·
1450 768 1489 806 a
1530 758 1590 808 et
1629 745 1731 823 B).

377 843 447 898 In
489 841 846 915 corpusculo
872 858 1018 898 vero
1058 838 1162 898 illo
1191 849 1313 897 tam
1342 837 1557 913 exiguo
1586 856 1798 897 omnes
1830 838 2249 914 perfectorum

259 929 735 1005 organismorum
797 927 1132 987 functiones
1192 927 1604 987 inveniuntur:
1675 925 1918 986 nutritio
1988 926 2249 996 scilicet,

259 1019 681 1094 augmentatiO,
726 1016 1054 1094 generati0.

377 1108 610 1166 Cellula
650 1105 812 1166 enim
853 1105 1281 1164 nutrimentum
1324 1106 1383 1164 in
1428 1123 1545 1164 ovo
1578 1123 1629 1164 e.
1661 1124 1716 1180 g.
1749 1104 2249 1180 circumpositum

257 1213 368 1273 per
408 1196 818 1255 membranam
858 1196 1152 1253 secundum
1194 1196 1365 1268 legem
1405 1195 1633 1256 osmosis
1672 1195 2065 1269 iniussuscipit.
2148 1196 2249 1252 Ex

257 1284 679 1344 assimilatione
733 1302 880 1342 vero
941 1282 1042 1341 illa
1099 1285 1347 1357 augescit
1400 1301 1589 1358 usque
1649 1282 1792 1342 dum
1808 1329 1823 1354 ,
1886 1281 2091 1341 debito
2154 1283 2250 1340 in-

257 1385 566 1434 cremento
610 1383 880 1449 accept0,
925 1391 1034 1449 per
1077 1372 1379 1450 quandam
1423 1373 1734 1430 scissionem
1769 1371 1866 1430 vel
1907 1372 2249 1430 divisionem

255 1481 475 1522 novam
516 1462 810 1540 producat
850 1463 1127 1521 cellulam
1156 1457 1253 1536 (cf.
1286 1463 1382 1537 fig.
1418 1482 1470 1532 2,
1514 1462 1616 1520 ubi
1652 1462 1761 1520 sub
1790 1460 1849 1517 A
1877 1460 2247 1520 divisionem

256 1553 442 1611 habes
484 1552 853 1623 indirectam,
899 1553 1006 1610 sub
1048 1551 1112 1608 B
1152 1570 1313 1621 ver0,
1358 1550 1713 1610 divisionem
1756 1549 2064 1609 directam.

380 1643 471 1698 Ex
512 1641 856 1699 cellularum
898 1640 1120 1700 deinde
1161 1641 1327 1698 varia
1362 1639 1786 1699 coniunctione
1816 1649 2249 1698 construuntur

259 1741 521 1790 texturae
539 1776 552 1800 ,
611 1748 684 1788 ex
736 1729 976 1788 texturis
1018 1729 1160 1805 ipsis
1201 1731 1588 1788 efformantur
1630 1747 1785 1804 quae
1827 1728 2108 1787 dicuntur
2148 1748 2245 1788 or-

250 1839 414 1894 gana
438 1821 470 1890 ¹,
518 1837 591 1877 ex
634 1818 908 1877 omnibus
950 1819 1214 1894 denique
1255 1817 1495 1894 organis
1536 1828 1691 1877 totus
1732 1817 2107 1877 constituitur
2148 1837 2248 1877 or-

259 1908 574 1985 ganismus.
646 1906 1007 1983 Organismo
1050 1908 1313 1984 denique
1354 1908 1655 1985 perfect0,
1713 1926 1787 1967 ex
1838 1924 1999 1967 nova
2061 1909 2248 1967 cellu-

259 2000 446 2057 larum
487 1996 779 2056 divisione
821 1998 916 2055 vel
957 1996 1242 2057 scissione
1284 2016 1443 2056 nova
1485 1997 1750 2056 oriuntur
1778 1996 2119 2072 vegetantia
2144 2000 2250 2057 vel

258 2106 417 2146 nova
471 2086 748 2145 animalia
765 2132 778 2157 ,
855 2107 892 2144 a
945 2085 1241 2162 prioribus
1300 2097 1364 2144 ut
1415 2105 1571 2145 nova
1639 2085 1947 2145 individua
2002 2086 2252 2145 realiter

259 2176 536 2236 distincta
579 2185 637 2234 et
679 2186 968 2250 separata.
1028 2175 1165 2248 Qua
1207 2175 1451 2250 quidem
1493 2174 1555 2233 in
1595 2174 1899 2235 volutione
1926 2176 2081 2234 haec
2110 2175 2247 2247 tria,

259 2276 321 2324 ut
363 2275 542 2335 certa,
588 2264 954 2341 experientia
995 2275 1129 2323 sunt
1169 2265 1453 2340 probata:

387 2375 435 2411 1.
495 2354 682 2411 Entia
731 2354 980 2412 viventia
1022 2362 1291 2430 corporea
1345 2372 1458 2411 non
1500 2354 1769 2411 oriuntur
1821 2354 1936 2413 nisi
1987 2372 2059 2411 ex
2100 2356 2253 2411 entis

259 2443 548 2501 cuiusdam
590 2443 828 2501 viventis
867 2443 1140 2501 divisione
1183 2441 1280 2500 vel
1316 2443 1589 2511 scissione,
1646 2462 1954 2517 numquam
1993 2461 2131 2501 vero
2172 2462 2253 2500 ex

258 2539 382 2589 ente
423 2551 536 2589 non
576 2532 797 2589 vivente
834 2534 929 2589 vel
962 2533 1290 2605 inorganico
1307 2554 1325 2590 .·
1374 2542 1588 2590 «omne
1624 2541 1818 2590 vivum
1856 2556 1925 2590 ex
1962 2540 2129 2589 vivo»
2152 2538 2191 2590 2.

258 2712 607 2775 phenornenes
645 2709 816 2758 vitaux
841 2708 996 2773 qu'on
1021 2724 1086 2759 ne
1112 2726 1299 2773 pourra
1327 2700 1717 2774 probablement
1736 2710 1913 2774 jamais
1938 2709 2243 2774 expliquer»

258 2789 566 2857 (Vtg‘ouroux
590 2790 623 2838 1.
653 2806 696 2840 c.
725 2806 775 2854 p.
808 2786 950 2852 284).
991 2790 1071 2838 Cf.
1099 2789 1251 2837 etiam
1277 2792 1499 2839 Landois
1522 2790 1555 2839 l.
1583 2807 1625 2840 c.
1654 2808 1704 2855 p.
1734 2799 1840 2853 250
1865 2807 1939 2855 sq.
1967 2799 2017 2838 et
2037 2798 2104 2850 47
2115 2800 2143 2853 5
2167 2807 2249 2855 sq.

387 2868 403 2899 ¹
448 2870 646 2919 «Unter-
673 2869 838 2918 einem
869 2872 1044 2935 Organ
1070 2870 1295 2919 versteht
1319 2886 1433 2918 man
1462 2869 1612 2919 einen
1639 2870 1920 2929 Zellenteil,
1961 2870 2077 2919 eine
2102 2869 2250 2918 Zelle

261 2952 388 3000 oder
423 2950 576 2999 einen
616 2949 1051 3013 Zellenkomplex,
1092 2949 1315 2998 welcher
1352 2967 1412 2997 zu
1450 2950 1586 2999 einer
1622 2950 1947 2999 bestimmten
1984 2950 2250 3002 Funktion

261 3030 502 3095 geeignet
554 3031 632 3079 ist.
707 3029 802 3078 Als
855 3030 1047 3079 Gewebe
1096 3030 1234 3079 kann
1285 3030 1432 3094 jeder
1481 3029 1895 3094 Zellenkomplex
1944 3030 2251 3079 bezeichnet

263 3110 498 3170 werden,
553 3112 736 3159 dessen
776 3109 954 3158 Zellen
993 3109 1136 3159 nicht
1173 3110 1309 3158 bloss
1348 3110 1400 3157 in
1438 3111 1603 3170 einer,
1656 3112 1880 3160 sondern
1932 3110 2249 3159 mindestens

266 3190 318 3237 in
344 3190 467 3238 zwei
494 3190 819 3254 Richtungen
848 3190 938 3239 des
965 3190 1186 3239 Ramnes
1213 3190 1735 3255 zusammenhiingen»
1764 3188 1869 3254 (M
1888 3192 2245 3249 Westermaier,

267 3269 648 3333 Kompendium
686 3270 776 3318 der
813 3269 1147 3334 allgemeinen
1188 3270 1409 3319 Botanik
1445 3287 1497 3335 p.
1537 3268 1650 3334 49).

389 3345 411 3379 ²
453 3350 604 3396 «Man
643 3349 783 3399 hatte
809 3349 969 3399 selbst
995 3350 1076 3399 bis
1103 3350 1155 3397 in
1183 3350 1268 3398 die
1292 3350 1508 3399 Neuzeit
1532 3366 1920 3415 angenommen,
1960 3350 2072 3398 dass
2097 3358 2247 3399 unter

269 3429 587 3479 Umst'anden
637 3428 927 3488 unbelebter‚
980 3446 1069 3478 aus
1121 3430 1213 3479 der
1263 3430 1573 3495 Zersetzung
1622 3430 1982 3496 organisierter
2031 3430 2246 3480 Materie
