2367 3850
1593 11 1605 23 ¹
1650 11 1686 34 ·-
1762 11 1817 27 ’Ὗ
1842 11 2275 44 “·--·ῖι·«““.-ε“π“-
2300 13 2311 16 -

264 227 366 279 332
862 227 1093 264 ETHICA.
1152 225 1292 263 PARS
1331 226 1632 263 SPECIALIS.

383 369 443 448 α)
486 374 566 432 ad
608 373 812 433 omnia
850 374 1016 433 bona
1054 372 1270 432 nullius
1312 391 1443 432 sese
1486 373 1811 433 extendere
1853 371 2097 448 possit3

386 458 439 538 β)
480 464 706 522 nullum
748 463 838 522 ius
878 463 1130 522 aliorum
1177 462 1393 537 violet3

381 548 434 628 γ)
478 553 841 613 sufficienter
877 551 1237 612 determinet
1263 561 1323 611 et
1351 550 1688 612 manifestet
1713 553 2097 612 voluntatem
2127 566 2310 611 rem·

264 641 563 702 retinendi
604 652 668 701 ut
708 661 908 717 suam3

384 727 437 806 δ)
480 733 683 790 omnia
723 731 974 791 aliorum
1017 731 1310 791 factorum
1351 730 1739 791 incommoda
1777 731 1940 790 vitet.

384 821 556 895 Quae
598 839 734 879 cum
776 821 859 880 ita
900 820 1034 892 sint,
1077 822 1233 880 haec
1272 820 1618 896 hypothesis
1636 867 1650 892 ,
1711 831 1774 879 ut
1815 823 2003 879 multo
2049 820 2281 878 verisi-

267 911 481 982 milior,
525 909 709 968 immo
752 911 881 968 sola
923 910 1246 982 rationalis,
1291 909 1354 967 in
1394 909 1608 968 thesim
1650 909 1900 968 transire
1941 918 2176 986 potest.

383 1027 551 1100 Ergo
590 1027 869 1103 occupatio
910 1033 994 1084 est
1016 1025 1249 1100 factum
1279 1019 1684 1102 pringrenium
1733 1026 1824 1084 ius
1865 1026 2278 1102 proprietatis

263 1117 325 1173 in
365 1123 611 1174 concreto
651 1116 1048 1188 determinans.

1080 1407 1309 1469 LIBER
1354 1420 1426 1470 11.

265 1538 611 1603 ETHICA
659 1537 1108 1603 SPECIALIS
1155 1537 1563 1604 SOCIALIS
1610 1537 2264 1620 (SOCIOLOGIA).

1096 1698 1320 1757 CAPUT
1362 1710 1400 1756 1.

550 1823 662 1880 DE
707 1821 1189 1882 SOCIETATIS
1231 1821 1528 1880 CIVILIS
1571 1821 1941 1881 ORIGINE.

1042 1966 1378 2014 Annoums
1418 1976 1454 2013 1.

314 2078 410 2126 DE
450 2080 681 2129 CAUSA
718 2080 989 2129 ULTIMA
1029 2079 1444 2129 SOCIETATIS
1483 2080 1732 2129 CIVILIS
1771 2079 2206 2130 GENERATIM

967 2160 1538 2211 CONSIDERATAE.

383 2292 607 2341 Thesis.
677 2282 955 2339 «Insitum
995 2282 1214 2340 homini
1250 2290 1468 2341 natura
1523 2291 1617 2355 est,
1675 2290 1743 2340 ut
1793 2284 1854 2340 in
1894 2284 2053 2342 civili
2088 2286 2253 2341 socie-

266 2378 381 2429 tate
422 2372 613 2430 vivat»
663 2365 813 2445 (Leo
856 2372 1023 2443 XHI,
1067 2373 1298 2447 encycl.
1339 2372 1670 2431 Immortale
1708 2367 1868 2446 Dei).

385 2511 577 2559 Status
616 2511 980 2572 quaestionis.
1059 2502 1306 2561 Societas
1345 2502 1410 2559 in
1450 2522 1672 2578 genere
1715 2503 2019 2562 definitur:
2065 2505 2254 2562 multi-

264 2591 396 2648 tudo
448 2590 736 2648 hominum
794 2610 863 2649 ea
921 2594 1145 2650 ratione
1214 2594 1520 2651 coeuntium
1533 2638 1552 2663 ‚
1625 2600 1691 2650 ut
1747 2594 1962 2651 collatis
2031 2594 2253 2651 viribus

264 2679 448 2736 media
486 2680 595 2737 sibi
632 2688 956 2756 comparent
991 2682 1077 2739 ad
1122 2689 1332 2740 certum
1386 2700 1826 2757 communemque
1860 2682 2049 2757 finem
2105 2700 2253 2739 asse-

264 2768 559 2842 quendum.

387 2859 525 2916 Duo
568 2857 632 2915 in
675 2859 959 2919 societate
1002 2859 1284 2936 distingui
1325 2871 1573 2936 possunt
1613 2863 1940 2919 elementa:
1989 2861 2251 2919 elemen-

265 2957 389 3005 tum
432 2946 658 3006 scilicet
696 2950 1001 3008 materiale
1043 2958 1104 3008 et
1144 2950 1506 3009 elementum
1549 2950 1814 3009 formale.

395 3056 443 3094 1.
502 3038 880 3095 Elementum
934 3041 1254 3109 materiale,
1313 3058 1434 3115 quo
1489 3039 1741 3099 societas
1783 3038 2070 3098 convenit
2111 3058 2247 3098 cum

270 3124 436 3182 omni
477 3124 850 3185 multitudine
891 3126 1218 3201 hominum,
1263 3139 1352 3187 est
1392 3129 1522 3205 ipsa
1561 3128 1870 3187 multitudo.

393 3234 444 3272 2.
489 3216 868 3273 Elementum
896 3226 1093 3275 autem
1120 3218 1402 3291 formale,
1445 3236 1568 3293 quo
1595 3217 1970 3294 distinguitur
2007 3236 2044 3276 a
2082 3237 2249 3277 mera

268 3301 575 3440 homi{mm
655 3304 1150 3377 congregatione,
1237 3316 1324 3364 est
1402 3306 1572 3365 huius
1649 3306 2036 3366 multitudinis
2115 3309 2250 3366 unio

271 3404 432 3441 mora
454 3405 519 3443 ts.
