2367 3850
654 243 733 278 DE
771 243 1146 280 ARGUMENTIS
1185 241 1525 280 MoRAans.
1984 231 2079 291 187

211 389 336 448 Sed
368 391 506 449 talis
548 409 846 450 consensus
885 410 999 449 non
1026 398 1217 467 potest
1252 393 1546 468 explicari,
1590 393 1705 450 nesi
1740 393 2083 451 admittendo

91 481 376 538 hominem
416 481 686 539 naturali
721 487 874 538 motu
915 481 1158 540 rationis
1184 482 1381 539 Deum
1416 499 1733 555 cognoscere
1758 489 1825 539 ut
1847 483 2084 541 realiter

89 572 469 628 exsistentem.

213 660 454 719 Omnes
483 659 644 718 enim
673 659 772 718 alii
800 659 982 732 modi,
1028 659 1243 735 quibus
1270 660 1427 720 athei
1456 658 1760 737 religionis
1788 660 2081 736 originem

89 748 409 808 declarare
454 759 748 808 conantur
763 795 778 820 ‚
836 749 1007 808 huius
1063 767 1390 810 consensus
1443 759 1565 808 tam
1618 749 1967 809 universalis
2021 761 2083 810 et

90 850 212 896 tam
256 839 596 898 constantis
637 839 927 898 rationem
970 840 1325 916 sufficientem
1364 858 1491 906 non
1533 840 1871 900 ostendunt.

218 949 270 987 1.
317 931 399 986 Et
438 928 633 1003 primo
663 929 908 1004 quidem
934 929 1088 988 ratio
1116 929 1218 987 illa
1244 929 1544 990 sufficiens
1572 947 1702 990 esse
1730 948 1854 988 non
1881 939 2081 1005 potest

78 1019 268 1092 fraus
305 1019 661 1076 sacerdotum
696 1018 792 1076 vel
819 1019 1223 1092 legislatorum.
1282 1019 1445 1078 Talis
1472 1036 1733 1094 namque
1762 1018 2079 1095 explicatio

87 1109 254 1166 nullo
283 1107 496 1166 nititur
524 1106 864 1166 testimonio
891 1107 1195 1180 historic0,
1239 1108 1346 1168 sed
1375 1107 1555 1185 gratis
1582 1107 1836 1184 fingitur,
1879 1125 2079 1184 neque

88 1198 584 1256 unebersalitatem
626 1198 884 1273 explicat
925 1197 1301 1257 exsistentiae
1344 1197 1647 1274 religionis
1679 1197 1841 1273 apud
1870 1215 2080 1257 omnes

89 1298 322 1362 genteS,
351 1305 476 1347 nec
505 1287 630 1346 eius
658 1288 1043 1346 constantiam.
1102 1286 1343 1346 Etenim
1372 1287 1599 1363 religi0,
1634 1286 1682 1346 si
1713 1287 1919 1346 fraude
1949 1297 2081 1346 orta

90 1387 262 1448 esset,
292 1393 418 1435 nec
446 1376 511 1434 in
531 1378 714 1436 corde
734 1374 1044 1435 hominum
1064 1375 1297 1436 radices
1313 1377 1581 1448 haberet,
1612 1385 1795 1447 cert0‚
1826 1376 2079 1435 decursu

90 1467 405 1542 temporis,
452 1467 515 1524 in
557 1467 860 1543 plerisque
903 1467 1114 1525 saltem
1154 1465 1409 1543 populis,
1454 1465 1745 1525 exstincta
1785 1475 1956 1524 esset.

209 1576 266 1614 2.
303 1557 528 1630 Neque
558 1557 728 1614 timor
752 1574 866 1614 esse
891 1565 1104 1631 potest,
1135 1573 1257 1631 quo
1285 1554 1560 1614 homines
1588 1554 1829 1614 adducti
1856 1555 1972 1614 sint
2000 1554 2077 1614 ad

90 1665 182 1705 res
223 1645 292 1703 in
335 1656 555 1704 natura
582 1644 874 1704 terribiles
905 1645 1419 1721 personificandas
1446 1654 1508 1703 et
1534 1643 1957 1721 imploranda&
2017 1645 2078 1703 Si

90 1736 342 1810 quidem
370 1737 530 1794 haec
548 1734 894 1810 hypothesis
912 1735 1136 1793 nullam
1153 1735 1337 1794 habet
1353 1752 1556 1793 veram
1576 1732 2073 1810 probabilitatem.

97 1826 328 1884 «Multo
357 1824 526 1884 enim
555 1823 875 1900 simplicius
904 1842 1032 1884 esse
1061 1824 1311 1894 videtur,
1350 1832 1414 1881 ut
1439 1823 1623 1882 homo
1650 1823 1743 1882 his
1771 1823 2076 1882 eventibus

90 1916 414 1975 inducatur
456 1913 534 1973 ad
576 1912 1019 1990 agnoscendam
1061 1932 1238 1990 supra
1279 1913 1433 1973 vires
1475 1923 1719 1973 naturae
1760 1912 2077 1989 providen-

89 2007 232 2063 tiam
273 2003 546 2063 numinis
572 2004 849 2079 supremi,
896 2022 1075 2079 quam
1103 2004 1387 2063 invocare
1416 2014 1646 2079 potest3
1686 2022 1829 2061 nam
1866 2013 2075 2062 contra

87 2094 218 2153 illos
261 2093 970 2170 anthropomorphismos
1013 2094 1281 2153 absolute
1324 2094 1609 2152 reclamat
1636 2091 1935 2152 evidentia
1975 2111 2073 2150 na·

88 2184 291 2243 turalis
306 2230 322 2255 ,
383 2200 542 2257 quae
597 2184 892 2242 elementa
947 2200 1122 2242 sensu
1176 2200 1385 2242 carere
1438 2182 1618 2242 videt.
1717 2182 2073 2241 Rectissime

89 2284 290 2331 autem
333 2273 524 2331 homo
578 2272 661 2330 ita
715 2272 793 2330 ad
835 2274 1035 2331 Deum
1088 2271 1497 2331 auxiliatorem
1540 2271 1875 2343 concludit,
1936 2272 2075 2347 quia

91 2373 305 2421 natura
360 2370 568 2420 nostra
624 2359 700 2419 ad
754 2361 873 2419 hoc
929 2362 1209 2421 auxilium
1264 2362 1672 2437 quaerendum
1728 2360 2074 2432 inclinatum

91 2452 254 2527 atqui
297 2468 415 2526 per
443 2449 759 2510 essentiam
787 2461 1051 2510 nostram
1080 2450 1159 2509 ad
1189 2450 1520 2510 chimaeras
1547 2468 1673 2508 non
1701 2450 2071 2509 inclinamur.

89 2540 370 2601 Praecise
417 2550 615 2598 autem
661 2558 988 2600 consensus
1042 2558 1286 2616 quoque
1340 2539 1577 2615 generis
1630 2540 1874 2597 humani
1915 2541 2075 2599 hunc

91 2631 165 2689 ad
206 2632 417 2690 Deum
475 2628 806 2688 discursum
846 2630 1174 2704 legitimum
1220 2646 1349 2689 esse
1404 2630 1775 2706 comprobat.
1860 2629 2073 2705 Neque

92 2720 254 2778 enim
299 2737 516 2778 omnes
555 2718 832 2781 homines
871 2718 1230 2778 unanimiter
1270 2719 1355 2778 sic
1399 2718 1916 2790 ratiocinaremur,
1960 2718 2073 2777 nisi

93 2809 356 2867 veritatis
413 2806 716 2867 evidentia
772 2826 874 2867 eos
935 2808 1196 2868 duceret.
1295 2807 1535 2867 Deinde
1595 2808 1774 2867 etiam
1832 2808 2074 2866 historia

89 2906 220 2956 teste
264 2897 350 2956 dii
393 2899 755 2974 populorum
797 2898 1176 2973 antiquorum
1217 2898 1548 2973 generatim
1604 2916 1728 2956 non
1772 2907 1905 2956 sunt
1944 2914 2075 2973 per·

92 2986 540 3047 sonificationes
581 3005 779 3046 rerum
821 2986 883 3045 in
925 2996 1136 3046 natura
1175 2986 1541 3046 terribilium.
1626 2990 1878 3063 Insuper
1923 2987 2073 3045 haec

92 3078 268 3136 stulta
309 3076 757 3153 personificatio
811 3094 937 3135 non
978 3076 1170 3153 potuit
1224 3078 1564 3135 universalis
1619 3094 1749 3135 esse
1806 3075 2072 3134 omnium

94 3166 396 3241 gentium3
440 3165 648 3226 debuit
674 3166 854 3225 etiam
883 3176 1156 3243 tempore
1183 3165 1327 3239 tolli,
1359 3166 1615 3225 maxime
1644 3165 1706 3223 in
1733 3164 2073 3223 hominibus

93 3254 607 3331 sapientioribus.»
639 3256 657 3289 ¹

217 3430 237 3463 ¹
275 3431 548 3482 Hontheim
586 3431 619 3481 l.
659 3446 702 3481 c.
742 3448 792 3495 p.
835 3443 954 3494 232.
