2367 3850
432 205 647 240 VARIAE
687 204 1045 240 SENTENTIAE
1083 204 1254 241 CIRCA
1293 204 1382 240 IUS
1422 205 1845 241 PROPRIETATIS.
2021 208 2114 256 321

125 348 167 424 ἓ
214 347 277 427 8)
310 353 347 423 ¹,
396 353 633 422 Hobbes‚
683 371 717 409 a
759 351 989 427 legibus
1032 351 1302 410 civilibus
1345 369 1448 410 seu
1490 351 1837 412 auctoritate
1881 352 2122 428 politica

126 443 334 516 ipsum
383 441 673 501 derivant.

263 551 318 588 2.
367 530 489 588 Alii
531 526 827 605 (Grotius,
881 532 1292 606 1583—1645,
1351 529 1414 587 in
1455 530 1784 588 Hollandia
1825 524 2017 604 natua}
2057 532 2118 588 in

115 628 299 696 pacto
342 620 585 694 quodam
614 620 957 696 primigenio
998 619 1153 678 inter
1206 619 1481 678 homines
1535 621 1616 678 ob
1673 619 1977 677 utilitatem
2025 640 2122 696 pu-

125 709 364 766 blicam
421 709 567 767 inito
621 709 711 766 ius
753 709 1133 784 proprietatis
1188 708 1455 784 privatae
1513 708 1750 767 fundari
1800 712 2057 768 sentiunt
2085 712 2122 764 Β.

261 817 318 872 3.
381 799 501 856 Alii
556 798 817 873 denique
863 794 1096 874 (Locke‚
1161 792 1578 873 1632—1704)
1620 799 1766 857 illud
1825 800 1913 856 iua
1969 800 2122 856 mul-t·

129 905 207 944 ex
252 889 385 944 iure
422 888 663 946 hominis
716 895 910 945 conato
952 888 1037 945 ad
1055 887 1324 962 fructum
1363 888 1575 945 laboris
1614 888 1707 944 sui
1729 888 2118 964 repetendum

132 995 271 1035 esse
316 987 636 1035 autumant.

261 1084 374 1140 III.
419 1094 569 1141 Vera
605 1092 887 1141 sententia
925 1091 1253 1140 declaratur.

261 1197 573 1256 Sententia
628 1199 784 1256 inter
824 1197 1151 1256 catholicos
1205 1197 1387 1256 hodie
1444 1196 1777 1256 communis
1821 1196 2122 1272 distinguit

131 1287 295 1345 inter
352 1287 441 1346 ius
495 1287 877 1363 proprietatis
916 1289 979 1345 in
1020 1288 1301 1345 abstracto
1325 1287 1783 1345 consideratum
1801 1334 1813 1358 ,
1873 1308 1977 1344 sau
2021 1308 2122 1364 pn]-

130 1386 417 1434 testatem
458 1377 750 1435 moralem
791 1375 1145 1451 acquirendi
1203 1375 1312 1434 sibi
1367 1376 1597 1451 privata
1639 1375 1901 1433 dominia
1945 1396 2122 1452 gene-

132 1465 314 1523 ratim
372 1475 431 1523 et
486 1465 991 1542 indeterminatim
1047 1475 1314 1540 sumpta3
1373 1475 1434 1523 et
1486 1464 1574 1523 ius
1628 1468 2005 1540 proprietatia
2061 1468 2118 1520 ἐκ

133 1562 422 1624 concreto,
486 1573 590 1614 seu
648 1563 1006 1631 potestatem
1066 1555 1361 1613 moralem
1421 1553 1772 1628 acquirendi
1833 1564 2009 1612 sertas
2069 1563 2122 1612 es·

132 1645 548 1702 determinatas
589 1662 713 1715 res,
774 1661 823 1702 e.
869 1663 925 1719 g.
970 1643 1132 1702 hunc
1172 1644 1268 1702 vel
1309 1644 1474 1700 illum
1515 1661 1754 1717 agrum,
1803 1644 1981 1700 talem
2025 1644 2114 1700 τε]

132 1735 323 1792 talem
368 1734 631 1792 domum.
691 1735 787 1792 Ius
827 1732 973 1790 illud
1015 1731 1393 1808 proprietatis
1434 1731 1497 1789 in
1527 1741 1809 1789 concreto
1857 1752 1889 1788 a
1937 1732 2118 1808 priori

134 1823 329 1880 oritur
373 1832 433 1881 et
475 1824 634 1881 facto
678 1822 943 1897 quodam
984 1820 1371 1880 determinari
1413 1821 1610 1879 debet.

262 1911 500 1985 Quibus
542 1912 873 1984 declaratis,
918 1910 1273 1971 sententiam
1329 1929 1496 1969 suam
1540 1908 1877 1986 philosophi
1921 1913 2118 1969 catho-

131 2000 235 2059 lici
277 2002 398 2059 hac
439 2002 591 2060 thesi
633 2013 967 2077 exponunt:

262 2092 407 2148 «Ius
449 2091 778 2166 acquirendi
787 2092 1198 2166 proprietatem
1219 2090 1536 2163 generatim
1577 2095 1817 2164 spectatu
1825 2109 1875 2145 m*
1917 2097 1998 2145 est
2033 2093 2118 2145 aas

129 2182 409 2238 naturale
423 2202 444 2251 ,·
474 2180 706 2253 factum
733 2199 867 2238 vero
896 2181 1322 2255 primigenium,
1366 2180 1455 2236 ius
1482 2179 1857 2254 proprietatis
1897 2181 1957 2233 irs
2001 2197 2114 2237 mss-

130 2278 285 2327 creto
328 2270 715 2327 determinans
755 2278 839 2327 est
874 2271 1209 2345 occupatio.»

260 2359 570 2435 Occupatio
628 2376 774 2417 vero
830 2358 1135 2417 definitur:
1204 2357 1606 2433 «apprehensio
1660 2375 1853 2414 rerum
1909 2357 2118 2413 asssffilss

129 2450 326 2506 animo
368 2466 465 2505 eas
504 2448 800 2506 habendi.»

258 2539 479 2596 «Haec
522 2536 871 2608 sententia»,
935 2537 1017 2594 ait
1056 2537 1119 2594 P.
1172 2534 1449 2593 Cathrein
1472 2536 1524 2606 ⁸,
1594 2533 1804 2591 «hodie
1869 2533 2118 2589 mimine

129 2626 400 2685 tenenda
444 2636 549 2697 est,
592 2642 718 2683 non
761 2626 953 2683 solum
994 2626 1134 2700 quia
1175 2634 1264 2682 est
1304 2641 1546 2699 prorsus
1588 2625 1921 2681 communia
1965 2621 2118 2681 inter

130 2716 482 2787 catholicOS,
528 2715 635 2774 sed
675 2715 854 2773 etiam
898 2714 1039 2789 quia
1080 2715 1206 2771 sola
1262 2713 1592 2771 concordat
1647 2731 1783 2770 cum
1825 2713 2114 2781 doctrina,

131 2824 318 2880 quam
360 2805 480 2863 Leo
520 2804 702 2862 XIII
727 2803 786 2861 S.
832 2804 901 2862 P.
944 2802 1163 2878 pluries
1206 2802 1445 2877 publice
1502 2802 1802 2877 professus
1857 2813 1961 2859 eat.
2045 2805 2116 2857 In

254 2982 273 3015 ¹
322 2984 524 3033 «Etwas
562 2971 804 3031 Kusseres
842 2982 915 3029 als
954 2982 1045 3029 das
1085 2980 1241 3030 Seine
1278 2997 1340 3029 zu
1376 2980 1576 3041 haben,
1628 2980 1693 3027 ist
1729 2996 1825 3029 nur
1861 2981 1909 3027 in
1949 2981 2114 3029 cinam

127 3066 453 3115 rechtlichen
479 3064 753 3123 Zustande,
794 3071 940 3111 unter
976 3062 1117 3109 einer
1150 3060 1873 3125 offentlich-gesetzgebendan
1901 3061 2114 3113 {law-ali,

128 3146 177 3195 d.
218 3146 251 3195 i.
294 3146 365 3193 im
400 3144 758 3209 burgerlichen
796 3143 1064 3202 Zustande,
1104 3141 1359 3206 moglich»
1406 3138 1779 3204 (Rechtslehre,
1821 3141 1897 3189 ecl.
1941 3141 2114 3189 &fl-..w-

128 3226 291 3274 kranz
328 3242 380 3289 p.
421 3222 537 3289 64).

238 3302 262 3335 ²
302 3305 617 3355 Sententiam
654 3320 795 3353 suam
834 3303 1061 3353 defendit
1100 3303 1149 3350 in
1188 3302 1322 3351 libro
1360 3301 1437 3350 cui
1475 3301 1678 3351 titulus:
1725 3301 1833 3349 «De
1865 3301 1965 3349 iure
1993 3301 2114 3349 belli

130 3397 182 3437 et
218 3386 418 3453 pacis».
640 3381 663 3414 ⁸
696 3384 825 3433 Phil.
864 3400 989 3433 mor.
1029 3401 1079 3447 p.
1122 3383 1242 3432 280.

246 3478 632 3527 Reinstadler,
662 3478 802 3518 Elem.
833 3476 993 3527 philos.
1024 3476 1159 3517 schol.
1211 3474 1267 3513 ΙΙ.
1726 3480 1787 3515 21
