2367 3850
839 234 917 269 DE
957 233 1223 271 SCIENTIA
1262 235 1380 272 DEI.
1989 237 2093 287 229

102 379 430 453 perfectiO,
475 400 615 438 nam
657 382 865 440 melius
909 393 997 441 est
1037 400 1166 441 esse
1198 401 1377 457 quam
1406 401 1532 441 non
1574 402 1738 456 esse3
1780 384 2091 460 possibiliS,

106 467 253 542 quia
297 468 600 544 quidquid
640 470 822 529 habet
864 471 941 529 de
985 489 1112 530 esse
1155 482 1245 530 est
1281 473 1706 548 cognoscibile.
1790 475 1951 547 Ergo
1985 519 1995 531 .
2030 520 2041 532 .
2078 521 2089 532 .

235 579 288 616 2.
359 560 441 616 In
497 562 668 636 specie
732 578 878 618 vero
932 561 1127 635 quoad
1168 562 1393 636 sutura
1445 563 1626 620 libera
1684 570 1740 620 et
1776 564 2089 638 possibilia,

104 647 292 706 thesis
335 647 425 705 sic
466 648 725 707 breviter
766 651 1078 726 probatur:

229 732 290 811 a)
335 737 560 795 Futura
598 739 778 796 libera
818 740 1094 809 absoluta,
1139 758 1275 798 cum
1303 739 1627 814 aliquando
1656 741 1911 799 decursu
1952 750 2093 800 tem-

106 825 274 901 poris
319 826 661 899 eliciantur,
719 829 1068 904 conspectui
1109 828 1229 888 Dei
1283 848 1493 888 revera
1546 840 1682 888 sunt
1736 829 2090 905 praesentia.

104 920 177 974 In
221 918 366 975 Deo
410 916 591 988 enim,
635 929 882 995 propter
923 917 1048 976 eius
1089 919 1519 992 aeternitatem,
1562 921 1723 978 nulla
1763 930 1853 978 est
1893 919 1954 977 in
1997 939 2091 978 ex-

106 1005 378 1064 sistentia
420 1006 738 1065 successio.
823 1009 986 1082 Ergo
1029 1007 1245 1067 eodem
1288 1008 1639 1067 immutabili
1679 1009 1917 1081 intuitu,
1969 1028 2089 1084 quo

107 1097 275 1154 Deus
303 1095 472 1154 videt
499 1096 852 1171 praesentia,
891 1097 1184 1172 conspicit
1212 1098 1390 1156 etiam
1419 1099 1628 1171 futura,
1672 1116 1797 1156 non
1826 1098 2089 1175 exceptis

107 1184 317 1242 futuris
359 1184 564 1243 liberis
604 1185 903 1244 absolutis,

226 1269 295 1348 b)
340 1275 563 1332 Futura
602 1293 746 1333 vero
789 1276 968 1332 libera
1008 1275 1390 1334 condicionata
1443 1276 1519 1334 ab
1563 1286 1809 1335 aeterno
1862 1277 2088 1335 habent

106 1381 273 1421 suam
319 1364 630 1422 veritatem
675 1364 1049 1431 obiectivam.
1120 1365 1219 1422 Ab
1262 1375 1508 1423 aeterno
1551 1365 1710 1424 enim
1752 1383 1959 1424 verum
2000 1377 2090 1424 est

109 1453 414 1511 obiective
459 1448 591 1528 (etsi
631 1453 800 1512 huius
841 1453 1100 1512 veritatis
1130 1454 1537 1530 cognitionem
1572 1473 1685 1513 nos
1712 1456 1933 1514 habere
1963 1474 2087 1514 non

109 1537 450 1618 possumus)
507 1543 591 1600 ad
645 1543 805 1601 hunc
860 1543 1055 1618 potius
1111 1561 1291 1619 quam
1333 1545 1413 1602 ad
1458 1545 1634 1602 alium
1690 1555 1888 1603 actum
1928 1564 2089 1603 crea-

109 1642 305 1689 turam
347 1633 411 1689 in
452 1631 556 1690 tali
583 1633 869 1707 temporis
897 1643 1203 1691 momento
1233 1651 1296 1692 se
1324 1651 1535 1692 revera
1562 1633 2085 1692 determinaturam

110 1721 307 1793 fuisse,
352 1720 402 1779 si
446 1720 726 1779 condicio
768 1722 962 1796 posita
1002 1732 1173 1781 esset.
1252 1722 1367 1795 Sic,
1410 1732 1475 1780 ut
1514 1725 1791 1798 exemplo
1833 1732 2081 1794 utamur,

111 1811 274 1884 quod
305 1811 428 1868 iam
456 1828 636 1885 supra
665 1811 1031 1886 protulimuS,
1077 1829 1151 1884 ex
1177 1811 1269 1870 his
1298 1811 1527 1870 duabus
1555 1811 2085 1888 propositionibus:

115 1899 318 1976 «Tyrii
347 1909 409 1959 et
438 1898 670 1959 Sidonii
710 1899 988 1959 conversi
1031 1900 1275 1960 fuissent
1316 1901 1395 1961 ad
1435 1900 1634 1974 fidem,
1679 1901 1727 1960 si
1756 1900 1897 1977 ipsis
1925 1920 2092 1978 prae-

110 1990 373 2049 dicatum
418 1990 621 2049 fuisset
653 1989 1062 2066 evangelium»
1111 2000 1170 2049 et
1218 1990 1418 2066 «Tyrii
1446 2002 1507 2049 et
1535 1990 1765 2049 Sidonii
1791 2010 1916 2050 non
1956 2010 2094 2049 con-

107 2080 263 2139 versi
295 2080 544 2139 fuissent
573 2090 747 2151 eto»,
780 2098 898 2137 una
927 2090 1016 2139 est
1043 2080 1383 2139 necessario
1404 2080 1700 2139 obiective
1718 2099 1878 2151 vera,
1910 2082 2093 2139 altera

109 2170 454 2229 necessario
498 2168 795 2229 obiective
839 2170 1004 2240 falsa,
1064 2170 1206 2245 quia
1246 2170 1400 2229 duae
1449 2168 1948 2229 contradictoriae
1989 2187 2090 2227 ne-

111 2268 338 2334 queunt
381 2277 512 2317 esse
555 2258 727 2317 simul
769 2277 946 2317 verae
990 2276 1189 2333 neque
1230 2270 1478 2334 possunt
1523 2277 1651 2317 esse
1680 2258 1853 2316 simul
1884 2259 2084 2317 falsae.

110 2348 263 2405 Cum
305 2365 452 2405 vero
493 2348 610 2405 Dei
653 2347 918 2423 cognitio
960 2346 1033 2406 sit
1075 2348 1319 2419 infinita,
1366 2349 1444 2407 ad
1486 2366 1668 2407 omne
1710 2366 1914 2405 verum
1958 2366 2087 2406 sese

113 2435 461 2507 extendenS,
507 2436 608 2493 illa
646 2436 863 2495 veritas
909 2436 1205 2495 obiectiva
1246 2438 1439 2512 ipsum
1482 2438 1667 2496 latere
1709 2436 1935 2511 nequit.

227 2520 287 2600 c)
329 2526 635 2583 Possibilia
674 2525 937 2600 denique
979 2524 1126 2584 nihil
1167 2526 1328 2585 aliud
1356 2538 1491 2585 sunt
1518 2526 1632 2585 nisi
1660 2525 1878 2585 diversi
1906 2524 2091 2598 modi,

112 2614 440 2673 secundum
499 2632 650 2689 quos
706 2614 962 2673 essentia
1016 2614 1219 2672 divina
1274 2625 1362 2674 est
1416 2615 1713 2675 imitabilis
1768 2615 1847 2673 ad
1907 2625 2087 2673 extra.

110 2703 403 2775 Proinde,
463 2703 515 2762 si
568 2704 725 2762 hanc
779 2703 1234 2762 imitabilitatem
1277 2706 1442 2764 Deus
1493 2723 1621 2763 non
1676 2716 2085 2781 cognosceret,

111 2812 169 2851 se
210 2794 408 2869 ipsum
453 2794 721 2869 perfecte
763 2811 887 2852 non
932 2803 1356 2869 cognosceret,
1414 2794 1578 2869 quod
1629 2804 1924 2870 repugnat
1966 2795 2090 2852 eius

111 2880 402 2941 infinitati.
489 2884 654 2957 Ergo
696 2882 1001 2959 possibilia
1044 2884 1209 2941 Deus
1252 2884 1576 2959 cognoscit.

541 3034 576 3103 ξ
615 3052 662 3088 2.
721 3041 807 3088 De
845 3041 1039 3099 modo,
1080 3053 1195 3102 quo
1237 3041 1395 3089 Deus
1434 3039 1752 3101 cognoscit.

227 3155 274 3211 Ι.
319 3153 568 3212 Certum
611 3164 701 3212 est
741 3164 800 3211 et
841 3154 918 3211 ab
948 3154 1224 3212 omnibus
1255 3154 1625 3230 philosophis
1656 3154 1961 3212 catholicis
1989 3154 2088 3211 ad-

113 3242 351 3301 missum
394 3243 594 3301 Deum
637 3243 839 3300 omnia
881 3260 1251 3317 cognoscere
1306 3242 1484 3301 unico
1541 3253 1601 3301 et
1656 3242 2089 3318 simplicissimo

114 3341 244 3389 actu
285 3342 347 3390 et
387 3330 569 3390 unico
611 3330 842 3404 medi0‚
903 3331 1067 3407 quod
1124 3342 1214 3390 est
1253 3333 1383 3407 ipsa
1424 3331 1541 3389 Dei
1584 3332 1857 3392 essentia.
1943 3335 2085 3390 Hoc

116 3431 323 3497 sponte
383 3420 588 3479 defluit
642 3439 714 3482 ex
771 3439 1000 3478 summa
1055 3420 1171 3478 Dei
1221 3420 1601 3494 simplicitate
1671 3429 1730 3477 et
1796 3420 2082 3495 indepen-
