2367 3850
695 215 771 252 DE
811 215 1375 252 SUBSTANTIALITATE
1414 215 1529 252 DEI.
2000 216 2098 266 199

132 362 349 420 idolum
389 362 450 419 in
491 364 752 434 mund0‚
811 375 870 422 et
925 363 1089 438 quod
1143 365 1339 423 nullus
1394 375 1485 424 est
1525 366 1689 424 Deus
1741 364 1855 425 nisi
1911 382 2095 424 unus,

137 448 196 526 (1
242 453 368 510 Cor.
413 456 466 524 8,
513 446 592 527 4).

256 543 442 615 Quam
482 543 665 600 fidem
696 542 1034 602 Concilium
1064 543 1421 602 Vaticanum
1448 544 1541 602 his
1568 543 1765 603 verbis
1805 545 2099 605 declarat:

140 632 383 688 «Sancta
427 630 721 690 catholica
763 631 1115 708 Apostolica
1155 633 1437 692 Romana
1477 633 1751 693 Ecclesia
1804 633 1997 694 credit
2042 645 2103 694 et

133 722 438 779 confitetur
477 739 660 780 unum
704 739 832 780 esse
877 723 1075 781 Deum
1115 739 1323 781 verum
1364 732 1425 782 et
1463 723 1718 782 vivum.»

252 862 450 912 Thesis
488 863 762 925 probatiO.
825 874 873 911 1.
919 853 1026 910 Ex
1064 853 1193 912 Dei
1227 855 1527 930 infinitate.
1594 857 1794 915 «Deus
1836 874 2103 932 compre·

131 943 335 1000 hendit
374 941 438 1000 in
479 961 544 1001 se
584 953 770 1001 totam
812 943 1247 1019 perfectionem
1288 943 1543 1003 essendi.
1615 944 1677 1002 Si
1718 963 1865 1021 ergo
1907 957 2105 1005 essent

131 1032 324 1105 plures
365 1030 467 1104 dii,
513 1042 752 1108 oportet
793 1049 896 1091 eos
938 1033 1200 1091 differre.
1274 1033 1525 1108 Aliquid
1566 1052 1713 1109 ergo
1755 1035 2103 1094 conveniret

131 1119 232 1178 uni
271 1121 436 1194 quod
476 1139 602 1179 non
643 1121 843 1197 alteri3
888 1168 900 1180 .
935 1168 946 1180 .
981 1168 994 1180 .
1039 1131 1099 1180 et
1127 1122 1213 1181 sic
1245 1122 1362 1194 ille,
1408 1122 1469 1180 in
1498 1140 1620 1197 quo
1648 1133 1803 1181 esset
1829 1124 2100 1199 privatio,

132 1227 253 1267 non
291 1220 449 1268 esset
492 1210 838 1286 simpliciter
878 1211 1195 1286 perfectus,
1230 1257 1241 1269 .
1277 1257 1288 1269 .
1324 1257 1336 1270 .
1406 1211 1781 1288 Impossibile
1826 1222 1917 1271 est
1956 1231 2103 1288 ergo

135 1316 256 1357 esse
294 1300 498 1375 plures
540 1299 740 1358 deos»
771 1301 788 1333 ¹

250 1409 300 1445 2.
345 1389 454 1446 Ex
491 1391 736 1448 ascitate.
822 1389 884 1448 Si
924 1390 1122 1466 plures
1164 1400 1363 1448 essent
1402 1389 1499 1448 vel
1540 1407 1671 1449 esse
1716 1401 1960 1466 possent
2001 1390 2102 1462 dii,

136 1477 387 1537 essentia
423 1480 524 1538 vel
564 1489 775 1537 natura
817 1479 934 1538 Dei
974 1478 1379 1555 concipienda
1422 1490 1579 1540 esset
1633 1490 1697 1538 ut
1738 1480 1887 1539 ratio
1928 1499 2105 1556 quae-

133 1565 262 1626 dam
302 1567 655 1628 universalis
671 1614 684 1640 ‚
743 1587 897 1644 quae
939 1571 1001 1626 in
1041 1588 1098 1626 se
1136 1568 1585 1645 praescinderet
1637 1569 1715 1627 ab
1770 1569 2105 1628 exsistentia

131 1658 354 1728 actuali,
401 1656 543 1732 quia
584 1658 782 1733 plures
823 1657 907 1715 illi
947 1658 1031 1715 dii
1071 1660 1311 1716 essentia
1350 1658 1581 1733 infinita
1620 1677 1747 1716 non
1788 1658 2103 1734 distingue-

130 1757 324 1804 rentur
368 1745 485 1804 nisi
527 1746 880 1806 exsistentia.
950 1746 1070 1806 Sed
1099 1757 1427 1822 conceptus
1457 1747 1785 1806 obiectivus
1813 1747 2103 1808 essentiae

127 1835 360 1894 divinae
425 1835 677 1894 includit
733 1837 1076 1895 necessario
1136 1836 1431 1896 rationem
1491 1836 1865 1896 exsistentiae
1887 1883 1900 1908 ,
1964 1837 2104 1911 quia

132 1927 290 1984 Deus
333 1936 426 1985 est
469 1944 578 1985 ens
619 1946 656 1985 a
695 1945 759 1985 se
779 1926 818 1985 ².
901 1928 1065 2002 Ergo
1107 1945 1235 1985 non
1276 1936 1412 1985 sunt
1452 1928 1650 2002 plures
1691 1926 1791 1985 dii.

245 2034 298 2089 3.
354 2016 799 2073 Comnzendatur
837 2016 990 2074 haec
1032 2016 1249 2075 veritas
1290 2034 1363 2073 ex
1401 2017 1599 2073 ordine
1636 2017 1847 2075 mundi.
1934 2017 2104 2075 Ordo

129 2104 283 2163 enim
327 2104 541 2162 mundi
581 2115 704 2163 tam
746 2104 994 2164 eximius
1035 2115 1095 2163 et
1135 2106 1199 2163 in
1229 2104 1513 2163 totalitate
1543 2124 1647 2163 sua
1674 2106 2103 2181 pulcherrimus

127 2194 304 2251 multo
364 2192 598 2252 facilius
644 2194 970 2270 explicatur
985 2240 998 2265 ,
1055 2194 1104 2253 si
1157 2194 1329 2253 huius
1382 2193 1589 2253 mundi
1644 2195 1951 2252 ordinator
2004 2195 2103 2253 ad-

127 2282 368 2341 mittitur
411 2301 723 2358 supremus
762 2284 989 2356 unicus,
1033 2301 1216 2359 quam
1258 2283 1306 2343 si
1347 2285 1547 2359 plures
1588 2293 2017 2360 supponuntur.

239 2392 294 2443 4.
351 2373 751 2449 Confirmtur
789 2374 970 2431 etiam
1014 2374 1166 2432 haec
1214 2372 1647 2449 argumentatio
1690 2392 1953 2431 consensu
1995 2394 2101 2431 om.-

126 2464 272 2519 m'um
307 2464 594 2535 gentium,
641 2480 812 2537 quae,
857 2462 966 2521 etsi
1009 2474 1177 2521 erant
1219 2463 1565 2538 polytheae,
1610 2462 1861 2521 naturali
1904 2472 2103 2521 tamen

32 2576 34 2579 >
127 2549 455 2609 intellectus
489 2561 656 2610 motu
685 2550 1150 2623 adducebantur,
1195 2561 1258 2610 ut
1297 2569 1636 2627 supremum
1666 2546 1894 2627 (Iovem
1922 2570 2104 2627 quen-

127 2634 300 2714 dam),
346 2657 528 2715 supra
570 2650 819 2713 ceterOS,
865 2650 1262 2716 agnoscerent
1304 2641 1499 2700 deum.

888 2804 1217 2869 Anricunus
1258 2832 1339 2868 111.

601 2934 697 2981 DE
736 2933 1440 2983 SUBSTANTIALITATE
1478 2934 1617 2982 DEI.

239 3066 464 3113 Thesis.
516 3056 686 3119 ,Deus
713 3063 797 3114 est
820 3074 916 3113 ens
934 3046 1215 3131 qicoddam
1231 3056 1553 3132 personale,
1584 3076 1623 3113 a
1641 3056 1846 3112 mundo
1866 3056 2103 3112 realiter

32 3152 34 3155 ’
121 3147 438 3203 distinctum
479 3150 538 3201 et
572 3154 745 3221 super
784 3147 964 3222 {fisum
1005 3145 1379 3217 ineffabiliter
1420 3145 1705 3201 excelsum.

243 3321 259 3353 ¹
300 3323 381 3372 Cf.
422 3323 474 3371 S.
523 3323 713 3383 Thom„
752 3322 820 3372 S..
846 3323 1001 3373 theol.
1041 3323 1080 3382 1,
1122 3340 1169 3388 q.
1218 3335 1296 3382 11,
1336 3339 1381 3371 a.
1423 3334 1469 3383 3,
1513 3334 1559 3369 2.

239 3402 262 3433 ²
301 3403 382 3452 Cf.
421 3418 574 3467 supra
610 3418 661 3467 p.
709 3415 825 3465 193.
