2367 3850
783 221 860 260 DE
899 220 1244 260 vomitum
1284 220 1399 260 nm.
1974 219 2069 272 24¹

134 369 299 429 rentia
336 370 580 429 relative
624 371 701 429 ad
757 389 850 430 res
905 373 1098 429 finitas
1154 371 1339 430 oritur
1392 389 1465 430 ex
1520 371 1649 446 ipsa
1708 370 2078 446 perfectione

137 459 397 518 essentiae
439 461 562 518 Dei
590 461 624 520 ¹.

354 634 389 702 ξ
429 650 476 700 3.
539 641 626 688 De
663 640 773 688 fine
811 640 1012 689 ultimo
1049 647 1215 689 actus
1250 640 1561 690 voluntatis
1600 639 1840 690 divinae.

232 763 274 820 I.
315 771 521 820 'rhesis
556 770 852 833 generalis.
911 764 1074 820 Deus
1104 780 1267 820 suam
1297 761 1627 821 bonitatem
1658 771 1815 820 amat
1833 772 2082 838 propter

133 869 184 908 se
221 849 420 925 ipsum,
466 869 562 909 res
605 851 750 908 alias
789 868 936 909 vero
979 853 1100 910 vult
1142 862 1389 926 propter
1430 851 1756 910 bonitatem
1800 869 1982 911 suam.

233 939 463 996 Etenim
494 941 766 998 voluntas
786 940 918 1012 Dei,
951 959 1085 998 cum
1107 941 1178 998 sit
1197 939 1421 999 infinite
1443 940 1725 1016 perfecta,
1758 957 1851 998 res
1872 959 2081 999 omnes

134 1029 313 1085 ultimo
354 1047 558 1086 amare
601 1029 783 1087 debet
812 1040 1058 1105 propter
1086 1029 1396 1100 rationem,
1443 1039 1690 1106 propter
1721 1047 1899 1105 quam
1930 1040 2079 1086 sunt.

133 1118 398 1175 Voluntas
440 1119 602 1175 enim
645 1119 871 1177 infinite
900 1119 1185 1194 perfecta,
1229 1118 1265 1176 i.
1298 1136 1349 1178 e.
1382 1119 1707 1193 sapientiae
1739 1118 2080 1189 conformiS,

132 1225 212 1262 res
248 1215 403 1264 amat
444 1217 623 1282 prout
664 1217 797 1264 sunt
840 1226 1042 1266 amore
1085 1207 1321 1282 dignae.
1385 1208 1569 1282 Atqui
1613 1225 1718 1265 ens
1748 1225 1927 1265 omne
1958 1225 2081 1264 non

134 1294 228 1352 nisi
278 1305 567 1370 quatenus
623 1305 740 1367 est,
797 1314 1002 1354 amore
1059 1297 1304 1371 dignum
1361 1307 1477 1366 est,
1535 1306 1597 1353 ut
1648 1315 1721 1354 ex
1776 1295 2083 1370 ontologia

135 1383 334 1459 optime
375 1385 610 1444 scimuS.
675 1386 794 1444 Sed
836 1386 985 1443 ratio
1027 1385 1306 1444 bonitatis
1348 1384 1586 1443 divinae
1631 1397 1720 1443 est
1762 1386 1891 1460 ipsa
1933 1384 2082 1442 haec

135 1473 374 1542 bonitaS‚
437 1473 588 1531 ratio
645 1491 788 1532 vero
843 1474 1124 1532 bonitatis
1177 1493 1375 1533 rerum
1432 1485 1519 1532 est
1572 1474 1808 1532 bonitas
1863 1473 2081 1531 divina.

134 1563 276 1636 Ergo
317 1563 481 1621 Deus
523 1581 690 1620 suam
733 1563 1061 1621 bonitatem
1103 1575 1262 1622 amat
1302 1573 1549 1638 propter
1590 1581 1653 1622 se
1708 1563 1932 1639 ipsum,
1993 1581 2086 1620 res

136 1651 260 1709 alias
297 1651 419 1709 vult
461 1662 710 1728 propter
750 1652 1079 1711 bonitatem
1123 1671 1307 1711 suam.

238 1793 306 1849 II.
367 1803 454 1850 De
492 1804 606 1852 fine
643 1803 842 1852 ultimo
883 1803 1186 1853 creationis
1224 1803 1423 1852 mundi
1459 1804 1705 1853 uberius.

235 1932 452 1983 Thesis.
523 1923 692 1981 Deus
745 1944 858 1983 non
899 1926 984 1983 ad
1015 1926 1332 1999 aagendam
1379 1926 1804 1994 beatitudinem,
1863 1944 1961 1982 nec
2012 1924 2095 1982 ad

135 2013 532 2086 acquirendam,
575 2013 678 2070 sed
711 2015 795 2071 ad
827 2015 1311 2089 maanfestandam
1340 2016 1746 2091 perfectionem
1786 2034 1947 2072 suam
1977 2023 2090 2089 per

135 2101 278 2169 bona,
318 2121 464 2177 quae
504 2105 780 2161 creaturis
820 2106 1159 2181 znepertitur,
1204 2105 1472 2162 mundum
1514 2107 1737 2162 creavit.

239 2244 426 2293 Status
467 2244 839 2305 quaestionis.
891 2238 1224 2311 Loquimur
1264 2237 1364 2295 hic
1405 2238 1482 2295 de
1512 2239 1628 2295 fine
1658 2238 1853 2294 ultimo
1882 2236 2088 2295 mundi

136 2338 307 2395 eoque
349 2324 602 2382 absoluto
643 2335 702 2382 et
731 2327 1052 2400 primario,
1110 2344 1233 2383 non
1290 2336 1485 2383 autem
1542 2326 1618 2385 de
1674 2327 1791 2383 fine
1846 2327 2088 2384 relative

133 2411 316 2469 ultimo
356 2423 416 2471 et
459 2414 833 2485 secundarie,
877 2414 954 2472 de
999 2433 1119 2490 quo
1163 2415 1446 2488 dicemuS,
1492 2416 1591 2473 ubi
1622 2415 1696 2473 de
1728 2415 1928 2473 divina
1957 2434 2090 2491 pro-

139 2499 379 2559 videntia
422 2520 620 2561 sermo
664 2503 774 2561 erit
798 2504 836 2563 ².

239 2599 670 2658 Beatitudinem
711 2600 830 2658 iam
873 2601 1088 2659 scimus
1131 2619 1260 2659 esse
1302 2608 1511 2659 statum
1548 2603 1792 2659 omnium
1822 2602 2091 2659 bonorum

133 2691 515 2761 aggregatione
543 2690 865 2765 perfectum
889 2690 927 2747 ³.
987 2691 1205 2748 Sensus
1247 2690 1505 2765 proinde
1548 2691 1729 2748 thesis
1767 2702 1882 2749 est:
1930 2693 2093 2749 Deus

135 2792 242 2832 non
281 2778 356 2835 ad
399 2778 743 2852 augendum
785 2788 996 2837 statum
1040 2797 1207 2837 suum
1252 2779 1517 2837 omnium
1558 2780 1857 2837 bonorum
1890 2798 2092 2854 aggre-

133 2864 352 2936 gatione
382 2867 734 2941 perfectum,
770 2886 885 2926 nec
913 2868 1169 2942 proinde
1199 2868 1278 2926 ad
1306 2868 1740 2942 acquirendum
1770 2869 2093 2943 quicquam

136 2953 202 3010 ad
239 2954 566 3013 bonitatem
610 2974 794 3028 suam,
838 2957 1123 3015 mundum
1163 2957 1403 3029 creavit,
1450 2957 1557 3015 sed
1584 2957 1662 3015 ad
1693 2957 2093 3033 perfectiones

247 3162 263 3194 ¹
298 3167 596 3216 Doctrinam
635 3166 895 3217 Ecclesiae
933 3170 1064 3217 circa
1102 3169 1384 3217 libertatem
1423 3170 1519 3218 Dei
1572 3170 1877 3219 declaratam
1934 3170 2092 3217 habes

137 3258 230 3293 can.
271 3256 296 3309 5
336 3265 366 3295 a
405 3246 564 3297 Conc.
605 3248 848 3297 Vaticano
886 3255 1072 3297 statuto
1111 3259 1161 3298 et
1200 3267 1351 3315 supra
1392 3267 1441 3313 p.
1489 3262 1584 3309 192
1626 3250 1799 3298 relato.

245 3322 266 3355 ²
300 3326 380 3376 De
417 3328 496 3377 his
535 3328 826 3377 notionibus
863 3329 976 3376 vide
1014 3329 1114 3378 vol.
1155 3331 1193 3389 I,
1237 3343 1356 3391 311.

245 3404 265 3436 ³
299 3408 376 3455 Cf.
419 3424 572 3471 supra
611 3425 658 3472 p.
708 3422 821 3470 140.

233 3500 610 3551 Reinstadler‚
641 3502 777 3541 Elem.
809 3501 967 3550 philos.
998 3500 1132 3539 schol.
1185 3500 1240 3538 11.
1711 3496 1772 3540 16
