2367 3850
316 230 334 264 1
345 230 414 278 90
941 227 1274 264 THROLOGIA
1313 226 1650 264 NATURALIS.

429 395 484 451 3.
529 375 750 450 Quoad
791 376 997 435 atheos
1037 375 1301 452 denique
1355 377 1607 452 scepticos
1645 375 1745 435 vel
1785 374 2001 432 criticos
2040 383 2275 450 propter
2339 443 2340 456 χ

307 464 552 524 easdem
592 465 854 526 rationes
895 465 1219 524 dicendum
1262 475 1352 524 est
1392 481 1496 526 eos
1538 481 1664 522 non
1706 482 1886 539 posse
1918 464 2108 538 longo
2149 473 2281 521 tem·

305 572 456 631 pore
496 565 558 614 et
597 554 754 615 serio
795 555 924 614 sine
967 573 1189 632 magna
1227 552 1631 630 imprudentia
1657 555 1752 612 vel
1787 552 2170 630 neglegentia
2208 552 2278 609 de
2339 601 2340 606 ,

306 643 646 705 exsistentia
687 644 803 704 Dei
847 644 1136 704 dubitare.

1119 970 1347 1032 LIBER
1394 984 1465 1033 11.

481 1107 603 1168 DE
649 1104 1093 1171 ESSENTIA
1138 1107 1325 1170 VEL
1370 1105 1767 1171 NATURA
1813 1106 1937 1168 ET
1983 1105 2112 1168 DE

905 1203 1459 1271 ATTRIBUTIS
1505 1205 1677 1268 DEI.

1011 1365 1566 1423 PRAENOTAMEN.

425 1489 516 1545 Ex
558 1487 804 1548 diversis
833 1489 1209 1549 exsistentiae
1238 1489 1356 1548 Dei
1383 1487 1991 1548 demonstrationibus
2025 1487 2149 1545 iam
2192 1485 2285 1543 ali·

305 1579 543 1654 qualem
587 1589 832 1638 naturae
888 1579 1124 1640 divinae
1181 1579 1591 1655 cognitionem
1646 1577 1845 1654 priore
1902 1578 2054 1636 libro
2109 1576 2281 1635 nobis

306 1668 763 1728 efformavimuS.
861 1669 1089 1729 Scimus
1144 1669 1307 1729 enim
1363 1685 1491 1728 esse
1547 1686 1725 1744 supra
1777 1667 1939 1726 hunc
1992 1666 2281 1725 mundum

304 1777 400 1815 cns
453 1759 729 1832 quoddam
783 1777 822 1815 a
874 1778 933 1817 se
985 1761 1281 1827 exsistens,
1349 1759 1617 1817 absolute
1672 1757 2080 1824 necessarium
2098 1803 2114 1828 ,
2186 1756 2282 1812 im-

303 1847 601 1918 mutabile,
645 1857 972 1907 aeternum.
1030 1851 1158 1907 Iam
1185 1865 1331 1907 vero
1359 1847 1652 1923 reliquum
1682 1857 1786 1918 est,
1831 1856 1909 1918 ut,
1955 1845 2280 1904 reflexione

301 1936 576 2009 instituta,
623 1938 996 2013 cognitiones
1038 1938 1166 1997 illas
1208 1938 1397 2014 magis
1434 1938 1796 2009 evolvamuS,
1840 1936 2120 1995 naturam
2148 1934 2279 2006 Dei,
2343 1941 2344 2019 l

301 2026 363 2084 in
407 2038 694 2103 quantum
734 2027 979 2087 rationis
1019 2028 1241 2087 lumine
1283 2028 1411 2087 fieri
1451 2038 1667 2104 potest,
1724 2026 1960 2102 penitus
2016 2043 2281 2101 perscru-
2343 2028 2344 2109 l

302 2117 504 2176 tand0.

422 2206 654 2279 Quibus
709 2207 1262 2283 investigationibus
1318 2208 1380 2265 in
1436 2214 1709 2265 naturam
1768 2216 1829 2265 et
1882 2205 1946 2263 in
2003 2206 2285 2263 attributa

301 2295 419 2353 Dei
473 2295 822 2371 inquirimus
839 2344 852 2370 ‚
913 2316 1039 2357 non
1095 2297 1266 2372 quasi
1320 2297 1383 2354 in
1426 2298 1562 2355 Deo
1616 2295 1690 2354 sit
1728 2305 1941 2353 natura
1984 2294 2284 2371 quaedam

301 2385 538 2443 realiter
577 2386 655 2444 ab
698 2385 823 2446 eius
865 2386 1153 2446 attributis
1196 2386 1489 2458 distincta,
1538 2385 1646 2445 sed
1689 2384 1829 2461 quia
1870 2386 2075 2443 Deum
2116 2385 2285 2443 aliter

301 2491 672 2549 cognoscere
727 2494 857 2534 non
897 2494 1210 2553 possumus
1260 2476 1374 2535 nisi
1425 2492 1533 2551 per
1588 2474 1893 2550 quandam
1941 2473 2285 2549 analogiam

301 2563 379 2620 ad
421 2574 736 2624 creaturas,
823 2567 894 2623 In
935 2566 1112 2625 rebus
1153 2584 1299 2625 vero
1351 2564 1564 2624 creatis
1606 2574 1877 2622 naturam
1920 2580 2167 2638 semper
2209 2564 2289 2620 in-

300 2650 570 2711 venimus
613 2653 851 2714 realiter
891 2655 1232 2714 distinctam
1274 2655 1353 2714 ab
1396 2653 1519 2713 eius
1561 2653 1868 2713 attributis.

421 2749 596 2824 Quae
637 2770 774 2809 cum
813 2751 896 2810 ita
938 2752 1069 2825 sint,
1115 2752 1299 2811 tribus
1340 2750 1633 2827 capitibus
1674 2750 1973 2809 dicemus:

428 2848 478 2905 f.
522 2850 616 2907 De
645 2850 782 2909 Deo
811 2862 987 2926 prout
1028 2862 1118 2910 est
1158 2861 1371 2909 natura
1412 2847 1711 2924 quaedam
1751 2848 1816 2905 in
1843 2864 1907 2906 se
1936 2846 2285 2917 subsistenS,

300 2936 577 2995 distincta
616 2957 653 2995 a
695 2940 939 3000 mundo,

425 3046 492 3121 agg
509 3037 604 3095 De
625 3038 760 3097 Deo
785 3050 960 3113 prout
979 3038 1389 3098 consideratur
1417 3038 1667 3097 influxus
1686 3037 1869 3113 ipsius
1888 3036 1953 3094 in
1971 3036 2284 3094 mundum.

423 3140 490 3206 3:
523 3135 618 3193 De
660 3136 874 3195 ceteris
915 3137 1033 3196 Dei
1075 3136 1382 3196 attributis

422 3231 517 3289 De
574 3233 787 3307 quibus
842 3235 1116 3293 omnibus
1171 3234 1314 3293 dum
1370 3232 1855 3310 investigationes
1908 3240 2147 3289 nostras
2202 3230 2285 3287 in-

301 3318 604 3378 stituemus
631 3321 1093 3399 philosophicaS,
1135 3332 1481 3383 reverenter
1521 3340 1759 3399 semper
1787 3319 1963 3379 nobis
1991 3320 2285 3396 aspicien-

312 3404 446 3461 ium
500 3408 612 3466 erit
663 3410 742 3467 ad
796 3429 870 3470 ea
886 3456 899 3481 ,
971 3429 1126 3485 quae
1181 3411 1519 3469 Concilium
1576 3411 1934 3470 Vaticanum
2006 3410 2286 3468 constitu-
