2367 3850
19 1231 24 1238 ⁶
18 1101 34 1216 snm-„00
19 1027 30 1090 νυ-ι-
17 771 40 1004 W⁴‘W·z
27 671 30 674 .
27 603 32 608 .
22 507 36 584 ...aa

825 176 905 212 DE
940 176 1377 214 OMNIPOTENTIA
1418 178 1531 214 DEI.
2060 176 2158 227 247

317 322 543 394 Quodsi
587 323 706 380 iam
749 341 873 381 non
915 333 1122 399 agatur
1177 324 1255 382 de
1314 324 1439 389 iure
1500 326 1770 400 perfecto
1830 326 2162 398 reddend0‚

197 412 304 469 sed
341 411 413 483 de
455 412 600 481 iure,
647 412 812 487 quod
853 413 1135 471 fundatur
1176 414 1237 470 in
1281 413 1493 472 ordine
1548 415 1626 472 ab
1680 415 1812 490 ipso
1854 414 2040 473 libere
2083 415 2165 473 in-

198 500 388 558 stituto
406 546 421 571 ,
483 501 814 560 secundum
876 519 1055 576 quem
1116 504 1521 577 unusquisque
1581 521 1693 579 pro
1754 505 1964 562 merito
2024 523 2163 562 suae

198 588 438 648 actionis
480 590 559 648 de
589 591 756 648 bono
787 589 1092 649 communi
1132 592 1264 666 plus
1291 592 1558 651 minusve
1589 593 1807 668 accipit
1847 604 1946 651 aut
1987 593 2163 651 etiam

197 673 276 736 ab
315 677 435 736 eius
476 679 938 755 participatione
968 680 1296 738 excluditur
1340 691 1399 740 et
1425 680 1664 756 punitur
1706 677 1940 757 (iustitia
1982 683 2167 741 distri·

197 761 426 842 butiva),
485 768 812 827 dicendum
869 778 958 827 est
997 769 1160 827 illam
1215 770 1487 828 virtutem
1548 771 1976 845 perfectissime
2036 790 2164 830 esse

200 855 261 912 in
299 859 448 915 Deo.

311 946 483 1019 Quae
557 945 759 1005 omnia
819 967 856 1005 a
915 947 1207 1022 sapientia
1266 957 1326 1006 et
1399 948 1707 1008 sanctitate
1762 949 1879 1008 Dei
1938 949 2166 1006 infinita

197 1035 499 1108 exiguntur
541 1045 599 1093 et
636 1035 699 1092 in
742 1037 1044 1112 Scriptura
1073 1037 1257 1094 Sacra
1299 1037 1494 1095 multis
1536 1037 1681 1097 locis
1724 1047 1929 1112 aperte
1972 1038 2164 1096 decla-

196 1133 418 1182 rantur:
469 1126 668 1183 «Deus
709 1125 888 1184 iudex
930 1125 1142 1183 iustus»
1193 1122 1307 1199 (Ps.
1355 1143 1407 1200 7,
1458 1121 1549 1200 12)
1594 1137 1705 1186 ete.

965 1296 1297 1343 ARTICULUS
1337 1308 1388 1344 v,

747 1407 845 1456 DE
885 1407 1427 1457 OMNIPOTENTIA
1463 1407 1604 1456 DEI.

305 1540 530 1590 Thesis.
612 1531 780 1588 Deus
822 1531 1054 1606 infinita
1093 1550 1201 1588 sua
1235 1532 1494 1606 potentia
1534 1530 1761 1606 efficere
1788 1538 1977 1606 potest
2012 1533 2165 1606 quid-

193 1621 327 1692 quid
327 1658 332 1662 -
359 1621 695 1677 intrinsecus
723 1621 986 1695 possibile
1024 1627 1121 1678 est.

306 1761 501 1809 Status
541 1760 910 1821 quaestionis,
974 1750 1293 1824 Quaeritur
1320 1749 1438 1808 hoc
1470 1751 1735 1823 articulo,
1781 1771 1857 1809 an
1898 1749 2167 1825 potentia

195 1839 304 1898 Dei
347 1840 480 1898 talis
522 1840 611 1908 sit,
655 1849 718 1897 ut
759 1859 832 1898 ea
861 1839 1062 1897 omnia
1093 1840 1332 1898 efficere
1374 1840 1577 1915 possit,
1622 1857 1776 1915 quae
1815 1839 2165 1897 intrinsecus

193 1948 312 1987 non
356 1939 711 2010 repugnant.
796 1930 938 1987 Non
981 1939 1178 1987 autem
1222 1930 1551 2003 quaeritur,
1610 1948 1686 1987 an
1744 1928 1873 2005 ipsa
1924 1947 2165 2003 quoque

192 2018 580 2093 impossibilia
622 2012 747 2093 (ea,
806 2036 960 2093 quae
1003 2017 1356 2076 intrinsecus
1397 2017 1784 2093 impossibilia
1826 2014 1979 2092 sunt)
2035 2036 2167 2093 pro-

193 2108 411 2165 ducere
453 2107 671 2183 possit:
734 2107 873 2181 quia
925 2108 1076 2165 haec
1132 2108 1401 2182 quaestio
1456 2107 1783 2166 involveret
1838 2108 2167 2165 contradic-

194 2195 436 2255 tionem.
524 2198 903 2271 Supponeret
943 2197 1135 2268 enim,
1191 2194 1297 2269 ‘qui
1337 2196 1478 2253 talia
1520 2206 1862 2270 quaereret,
1918 2195 2167 2254 nihilum

193 2304 368 2361 posse
412 2304 544 2344 esse
587 2285 902 2343 terminum
945 2285 1190 2343 alicuius
1232 2285 1480 2343 actionis
1508 2286 1541 2343 ¹.

308 2374 527 2432 Thesis
582 2374 683 2431 illa
738 2373 1074 2449 theologice
1116 2373 1385 2449 inspecta
1409 2374 1535 2449 fide
1576 2380 1727 2431 certa
1768 2382 1888 2447 est3
1948 2372 2167 2431 etenim

193 2465 252 2521 in
282 2465 470 2522 Sacra
511 2462 814 2538 Scriptura
843 2462 959 2521 Dei
1002 2463 1437 2538 omnipotentia
1478 2463 1695 2521 diserte
1740 2463 2030 2533 asseritur,
2074 2471 2164 2519 ut:

199 2552 415 2629 «Apud
438 2555 640 2610 Deum
667 2562 863 2610 autem
893 2551 1096 2610 omnia
1114 2551 1420 2626 possibilia
1448 2559 1615 2610 sunt»
1645 2547 1884 2626 (Matth.
1914 2572 2001 2626 19,
2038 2546 2168 2625 26);

193 2674 271 2682 —
317 2641 514 2715 «Quia
557 2648 690 2699 non'
724 2641 834 2699 erit
861 2641 1229 2716 impossibile
1258 2641 1418 2715 apud
1448 2642 1644 2698 Deum
1674 2658 1852 2698 omne
1881 2640 2161 2698 verbum»

193 2726 357 2807 (Luc.
410 2751 461 2802 1,
509 2725 645 2805 37)3
687 2740 747 2789 et
787 2729 945 2788 alibi.
1579 2770 1581 2772 »

308 2820 485 2879 Idem
545 2829 712 2895 patet
769 2838 842 2877 ex
896 2820 1200 2894 symbolo:
1269 2820 1505 2878 «Credo
1564 2817 1627 2875 in
1683 2820 1879 2876 Deum
1934 2819 2168 2875 Patrem

195 2910 747 2985 omnipotentem»3
789 2919 848 2967 et
889 2928 962 2967 ex
1003 2909 1423 2967 constitutione
1454 2907 1709 2966 Concilii
1731 2906 2011 2991 ,Vaticani
2052 2905 2171 2963 iam

194 2998 492 3057 multoties
538 2998 733 3056 citata.
1019 3046 1024 3051 .

237 3128 242 3133 -
309 3086 736 3162 Philosophice
778 3105 922 3145 vero
963 3086 1115 3145 haec
1155 3086 1354 3159 thesis,
1399 3095 1635 3162 praeter
1676 3084 1806 3155 alia,
1846 3084 1964 3142 hoc
1992 3082 2169 3141 unico

194 3186 548 3251 argumento
591 3174 836 3251 probari
875 3185 1100 3250 potest:

318 3352 335 3384 ¹
375 3355 460 3404 Cf.
498 3351 599 3403 vol.
639 3354 678 3413 1,
722 3363 839 3417 225.
