2367 3850
268 233 372 284 320
866 235 1098 274 ETHICA.
1158 235 1298 274 PARS
1339 235 1642 274 SPECIALI'S.

264 385 385 442 bile
428 384 697 442 omnium
738 385 1035 443 bonorum
1090 385 1598 462 productivorum.
1679 386 2084 459 Magistratus
2121 403 2270 442 com-

264 475 425 531 muni
472 474 761 548 siffragio
815 475 972 532 electi
1009 475 1436 551 productionem
1464 476 1751 551 publicam
1806 482 1865 532 et
1915 493 2270 533 communem

263 563 623 621 ordinabunt.
690 564 1068 639 «Unicuique
1111 563 1500 639 assignabunt
1541 565 1936 640 quantitatem
1979 574 2042 623 et
2069 564 2269 640 quali-

262 661 444 710 tatem
499 652 737 711 laboriS.
822 652 1066 712 Nemini
1120 653 1329 712 licebit
1383 671 1448 712 se
1501 654 1878 712 substrahere
1941 654 2266 712 communi

262 740 474 801 labori.
559 742 817 817 Aequale
856 745 945 800 ius
985 750 1041 800 et
1078 744 1316 818 aequale
1355 743 1612 818 officium
1639 745 1891 801 omnibus
1933 743 2066 802 erit.
2111 789 2124 801 .
2177 789 2192 800 .
2249 788 2264 800 .

262 831 560 890 Producta
601 831 958 907 colligentur
996 831 1061 889 in
1100 831 1350 902 horreiS,
1393 841 1455 890 et
1493 849 1568 890 ex
1609 831 1678 890 iis
1705 832 2084 907 magistratus
2125 833 2266 890 uni-

262 920 476 995 cuique
532 920 886 980 distribuent
943 939 1055 997 pro
1111 938 1390 980 mensura
1445 921 1666 979 labon‘s
1705 921 1972 997 praestiti
2015 915 2264 996 (secun-

258 1009 401 1066 dum
444 1009 608 1081 alios,
652 1029 766 1086 pro
808 1027 1087 1069 mensura
1126 1008 1495 1068 necessitatis
1535 1011 1632 1068 vel
1673 1003 2095 1085 indigentiae),
2149 1012 2262 1068 vel

260 1115 468 1156 eorum
512 1100 651 1156 loco
694 1098 937 1174 singulis
980 1099 1209 1158 dabunt
1250 1100 1314 1156 in
1354 1098 1758 1158 testimonium
1797 1099 2020 1157 laboris
2075 1118 2264 1174 prae·

256 1187 373 1244 stiti
415 1187 815 1263 chtiograplzffl
858 1207 973 1264 pro
1016 1187 1231 1263 quibus
1272 1205 1380 1246 suo
1419 1197 1692 1264 tempore
1749 1205 1842 1246 res
1883 1187 1998 1246 sibi
2037 1205 2262 1262 neces-

258 1276 439 1334 sarias
482 1294 555 1335 ex
596 1277 850 1353 publicis
890 1277 1119 1336 horreis
1161 1277 1440 1353 accipere
1483 1277 1729 1354 possint.
1787 1278 2036 1334 Pecunia
2079 1279 2260 1334 nulla

256 1365 369 1424 erit
411 1360 672 1442 (praeter
712 1366 813 1424 illa
850 1361 1292 1443 chirographa).
1377 1368 1474 1425 De
1515 1368 1695 1425 rebus
1735 1367 2261 1442 comtemptibilibus

256 1455 405 1513 iuste
448 1454 747 1530 acquisitis
788 1455 1040 1530 quisque
1083 1454 1303 1531 poterit
1342 1455 1421 1514 ad
1462 1455 1692 1514 libitum
1733 1455 2114 1531 disponere.»

376 1547 440 1602 B.
488 1544 865 1604 Socialismus
906 1547 1199 1620 agrarius,
1243 1545 1653 1604 democratico
1681 1544 2064 1615 moderatior,
2112 1546 2256 1603 sola

254 1634 418 1691 bona
467 1634 822 1709 productiva
861 1635 1167 1692 immobilia
1209 1629 1426 1710 (agrOS,
1471 1634 1708 1693 fodinas
1749 1628 1886 1708 ete.)
1936 1634 2256 1692 ‹nationa-

253 1721 466 1780 lizare»
514 1724 651 1794 vult,
696 1723 926 1798 reliqua
966 1742 1111 1782 vero
1154 1724 1320 1782 bona
1360 1723 1715 1799 productiva
1755 1723 1817 1781 in
1857 1723 2094 1799 privato
2139 1723 2253 1781 do·
2305 1715 2320 1726 ’

253 1812 440 1870 minio
482 1812 779 1887 relinquit.
866 1812 1060 1872 Huius
1102 1812 1434 1888 systematis
1476 1812 1670 1871 fautor
1712 1811 2068 1889 praecipuus
2111 1823 2250 1870 erat

250 1899 340 1958 H.
392 1899 616 1975 George
658 1895 718 1977 (†
767 1895 941 1977 1897)
984 1903 1046 1960 in
1089 1901 1390 1975 America,
1448 1920 1631 1978 quem
1671 1899 1734 1962 in
1779 1902 2112 1962 Germania
2155 1919 2247 1961 se·

253 1999 419 2048 cutus
464 2000 553 2049 est
593 1990 686 2048 M.
730 1992 1100 2050 Flursclzeim.

372 2080 743 2154 Argumenta
797 2099 942 2139 vero
996 2081 1059 2138 in
1115 2080 1384 2141 favorem
1438 2099 1581 2141 suae
1635 2080 1967 2141 sententiae
2009 2082 2244 2139 ducunt

250 2168 495 2242 agrarii:

382 2256 547 2315 1.‘ex
584 2258 827 2317 historia
866 2276 1186 2335 perperam
1229 2260 1305 2317 ab
1347 2259 1492 2335 ipsis
1519 2259 1837 2319 intellecta.
1895 2260 2242 2319 Admittunt

253 2345 413 2405 enim
454 2346 725 2422 primitus
766 2348 927 2424 apud
970 2366 1180 2407 omnes
1222 2348 1497 2407 homines
1538 2349 1984 2425 possessionem
2028 2349 2239 2407 fundo-

253 2454 383 2493 rum
425 2435 601 2495 fuisse
645 2455 1044 2509 communem,
1090 2457 1125 2496 a
1168 2456 1289 2514 qua
1328 2456 1456 2495 non
1493 2438 1608 2497 nisi
1635 2438 1938 2514 paulatim,
1983 2440 2240 2515 plerum-

252 2544 371 2599 que
412 2525 470 2583 vi
513 2536 572 2584 et
614 2526 839 2599 fraude,
884 2527 1211 2586 discessum
1253 2527 1343 2585 sit.

376 2635 427 2674 2.
473 2633 545 2673 ex
587 2615 677 2674 his
719 2616 966 2691 aliisque
1008 2616 1296 2675 similibus
1336 2614 1676 2693 principiis:

373 2698 429 2778 a)
479 2705 717 2763 «Labor
756 2716 845 2764 est
884 2706 1093 2764 unicus
1132 2706 1332 2765 titulus
1371 2705 1553 2764 iustus
1595 2705 2030 2781 propn‘etatis.»

371 2787 433 2867 b)
484 2795 614 2852 «Ius
668 2794 747 2852 ad
788 2794 968 2853 vitam
1025 2795 1277 2869 aequale
1338 2796 1590 2870 aequale
1632 2794 1846 2870 cuique
1887 2794 2096 2853 tribuit
2151 2794 2238 2853 ius

251 2881 330 2939 ad
370 2900 539 2941 usum
579 2882 939 2955 bonorum»,
983 2892 1095 2942 etc.

371 2982 446 3039 II.
492 2990 812 3051 Systemata
862 2998 1218 3054 exponuntur
1254 3005 1451 3040 eorum
1469 3027 1482 3051 ,
1537 2992 1634 3053 qui
1683 2991 1826 3041 falsa
1873 2990 2237 3054 proprietatis

250 3069 497 3131 privatae
534 3070 900 3119 fundamenta
936 3070 1247 3133 assignant.

372 3148 493 3221 Qui
536 3150 683 3208 falsa
723 3148 863 3208 iuris
904 3150 1156 3209 dominii
1210 3150 1424 3226 privati
1467 3152 1853 3210 fundamenta
1908 3150 2235 3225 assignant,

249 3238 311 3296 in
352 3248 471 3296 tres
513 3239 731 3296 classes
772 3238 957 3297 dividi
1000 3250 1276 3315 possunt:

377 3344 424 3381 1.
469 3324 589 3380 Alii
630 3325 809 3395 enim,
852 3325 1009 3384 inter
1049 3346 1202 3401 quos
1242 3328 1640 3403 Montesquieu
1677 3324 2014 3404 (1689—-17
2025 3344 2055 3404 5
2065 3324 2127 3404 5)
2171 3330 2233 3387 in

278 3409 402 3465 'bro
456 3409 551 3465 cui
606 3410 801 3467 titulus
849 3414 1086 3487 «Esprit
1130 3416 1238 3473 des
1280 3416 1424 3474 lois»
1447 3460 1460 3485 ,
1505 3416 1579 3472 K
1573 3424 1682 3473 ant
1718 3413 2141 3491 (Rechtslehre
2183 3421 2229 3489 Ι,
