2367 3850
1336 13 1347 16 -
1392 13 1488 46 ‘'i'‘
1501 15 1543 33 ·--
1560 15 2327 70 ὝἛΞ-,ΠΠ-ι-π-τ-ι
1880 40 1905 52 ..

2328 88 2331 101 λ

294 240 399 290 300
874 240 1107 276 ΕΤΗῙΟΑ.
1173 240 1312 276 PARS
1352 240 1689 276 GENERALIS.

412 385 468 462 a)
510 389 760 458 Divina,
804 387 853 446 si
897 408 933 447 a
974 390 1110 447 Deo
1153 387 1497 446 immediate
1542 388 1758 456 fertur3

410 472 472 552 b)
514 477 799 536 Humana
839 496 1017 549 vere,
1074 477 1122 536 si
1166 497 1203 536 a
1244 478 1380 535 Deo
1422 475 1724 535 mediante
1765 475 2129 534 auctoritate
2181 475 2272 531 hu·

290 585 469 624 mana
528 565 868 642 imponitur.
925 597 1005 606 —-
1061 569 1200 642 Ipsa
1255 566 1516 640 denique
1576 565 1674 624 lex
1731 565 2000 623 humana
2064 564 2276 638 duplex

289 654 692 731 distinguitur:

409 739 467 819 α)
508 745 638 802 Lex
676 745 1034 803 ecclesiastica
1075 741 1291 804 dicitur
1306 790 1321 816 ,
1378 743 1428 803 si
1469 743 1710 819 respicit
1749 745 1934 802 finem
1979 741 2278 801 sociefatis

289 833 635 909 religiosaez,

411 919 463 998 β)
505 923 635 980 Lex
675 925 873 994 civilis,
917 921 966 982 si
1006 924 1190 983 finem
1233 923 1475 999 respicit
1515 921 1815 981 societatis
1857 921 2072 980 civilis.

1052 1103 1386 1153 Ακτῐουιυε
1425 1116 1507 1153 111.

673 1220 771 1268 DE
806 1219 994 1268 LEGE
1033 1219 1404 1269 NATURALI
1442 1218 1817 1268 SPECIATIM
1844 1217 1876 1268 ¹.

836 1358 873 1426 ἓ
916 1373 959 1411 1.
1020 1362 1193 1424 Legis
1231 1361 1501 1411 naturalis
1537 1361 1708 1410 notio.

406 1485 633 1558 Legem
687 1485 1018 1543 naturalem
1074 1504 1254 1562 supra
1310 1483 1566 1543 diximus
1625 1503 1756 1543 esse
1825 1485 2276 1542 ordinationem

286 1572 589 1647 quandam
630 1573 708 1632 ad
748 1573 993 1647 bonum,
1038 1593 1194 1650 quae
1237 1574 1366 1651 ipsa
1407 1573 1654 1633 rationis
1695 1574 2042 1632 evolutione
2091 1571 2272 1631 mani-

288 1661 546 1733 festatur,
590 1681 724 1721 cum
767 1662 913 1720 nihil
955 1663 1117 1722 aliud
1158 1663 1250 1735 sit,
1293 1674 1356 1722 ut
1386 1660 1583 1723 verbis
1613 1665 1670 1722 S.
1701 1663 1987 1722 Doctoris
2017 1674 2268 1731 utamur,

285 1750 398 1809 nisi
447 1753 681 1811 «lumen
734 1751 1067 1811 intellectus
1122 1751 1384 1811 insitum'
1413 1753 1590 1811 nobis
1631 1773 1667 1811 a
1707 1754 1877 1825 Dee,
1935 1772 2052 1828 per
2107 1749 2266 1826 quod

286 1841 717 1915 cognoscimuS‚
763 1839 907 1916 quid
949 1842 1252 1916 agendum
1287 1852 1348 1901 et
1374 1841 1520 1917 quid
1548 1841 1890 1900 vitandum»
1926 1838 2182 1918 (Opusc,
2215 1858 2265 1912 3,

284 1932 357 1989 In
398 1931 519 1989 duo
562 1942 885 2007 praecepta
926 1926 1224 2006 caritatis).

405 2029 724 2087 Naturalis
764 2039 961 2088 autem
1004 2028 1220 2087 dicitur
1260 2029 1412 2087 haec
1453 2030 1550 2087 lex
1590 2037 1837 2105 propter
1879 2030 2035 2089 duo}

405 2124 635 2197 Primo,
699 2126 838 2201 quia
894 2138 958 2186 ut
996 2127 1092 2185 lex
1118 2125 1466 2201 formaliter
1505 2126 1886 2186 considerata
1909 2128 1932 2161 ²
1987 2126 2126 2203 ipso
2171 2144 2265 2183 na-

284 2214 456 2272 turali
498 2214 721 2274 lumine
762 2214 1097 2274 intellectus
1137 2216 1563 2292 promulgatur.

406 2312 703 2385 Secund0,
750 2312 889 2387 quia
917 2314 1456 2387 fundamentaliter,
1500 2315 1596 2374 vel
1638 2306 2023 2374 materialiter
2067 2326 2128 2373 et
2169 2312 2264 2370 ob-
2363 2300 2365 2392 ᾖ

282 2401 495 2460 iective
520 2402 541 2433 ⁸
597 2401 750 2460 haec
804 2403 899 2460 lex
953 2402 1250 2461 invenitur
1303 2402 1365 2460 in
1419 2404 1551 2479 ipsa
1603 2411 1821 2461 natura
1873 2405 1972 2463 vel
2029 2403 2260 2462 essentia

282 2509 494 2559 rerum,
539 2510 575 2548 a
618 2509 736 2565 qua
776 2489 1117 2550 necessario
1146 2491 1351 2551 defluit
1379 2503 1438 2551 et
1464 2491 1723 2569 proinde
1752 2492 1874 2552 ab
1858 2512 1992 2569 ipso
2022 2503 2260 2552 auctore
2361 2558 2363 2561 Α

282 2590 528 2639 naturae
572 2581 778 2638 ultimo
820 2578 1161 2656 imponitur.
2361 2568 2364 2628 Ι

747 2763 782 2831 ἓ
822 2778 870 2816 2.
929 2766 1101 2830 Legis
1138 2768 1408 2817 naturalis
1445 2766 1786 2819 exsistentia.
2359 2764 2362 2865 ἶ

400 2892 548 2948 Esse
608 2900 805 2949 autem
862 2889 1039 2948 talem
1096 2890 1294 2966 legem
1312 2935 1326 2961 ‚
1389 2889 1636 2966 propria
1687 2888 2154 2967 uniuscuiusque
2207 2899 2261 2949 et
2357 2948 2359 2961 2

283 2977 586 3038 communi
631 2978 899 3037 omnium
939 2976 1250 3037 hominum
1293 2976 1679 3056 persuasione
1720 2980 2027 3055 probatur.
2357 2982 2359 3003 ³

408 3188 425 3221 ¹
461 3192 543 3240 De
567 3192 677 3240 iure
701 3190 931 3250 naturali,
958 3190 1096 3256 quod
1123 3190 1249 3255 legis
1270 3190 1511 3241 naturalis
1530 3208 1649 3257 pars
1668 3193 1915 3256 quaedam
1934 3202 2030 3254 est,
2057 3192 2251 3259 egregie
2355 3178 2357 3193 ³

282 3271 554 3335 disputavit
595 3270 826 3319 Cathrein
880 3270 931 3317 in
984 3271 1260 3333 opusculo,
1319 3270 1384 3321 de
1419 3288 1522 3336 quo
1559 3288 1736 3338 supra:
1799 3273 2030 3335 «Recht,
2083 3276 2251 3324 Natur-

280 3350 423 3395 recht
461 3349 567 3395 und
604 3348 845 3409 positives
882 3348 1098 3408 Recht»‚
1137 3366 1189 3413 p.
1236 3350 1530 3414 101—169.

403 3422 425 3452 ²
462 3424 539 3470 Cf.
579 3440 731 3485 supra
766 3440 816 3487 p.
858 3426 976 3485 298.
1124 3426 1147 3457 ⁸
1183 3428 1316 3479 Ibid.
