2367 3850
377 218 458 254 131⁴:
497 218 640 256 IDEA
681 219 810 256 SIVE
849 221 928 257 DE
968 221 1225 258 SIMPLICI
1264 221 1763 261 APPREHENSIONE.
1998 210 2061 258 61

177 385 238 436 4.
271 366 504 425 Kantii
518 378 720 427 autem
747 368 1106 428 sententiam
1135 369 1215 428 de
1244 369 1457 430 formis
1474 371 1693 430 innatis
1720 371 1783 428 in
1814 369 2077 430 criterio-

27 453 222 528 Iogia
267 456 642 517 sufficienter
683 458 876 516 habes
914 459 1301 518 declaratam.

181 567 242 628 5.
290 553 566 611 Rosmini
606 549 952 631 (1797—-18
959 550 1058 632 55)
1103 556 1370 631 denique
1414 555 1673 632 primum
1712 557 1895 615 ideam
1938 557 2083 614 entis

27 640 504 700 indeterminati
527 644 795 701 innatam
826 662 958 702 esse
980 645 1201 703 docuit.
1247 646 1449 719 Quam
1478 646 1835 705 sententiam
1866 655 2077 720 postea

27 728 126 787 ita
176 729 546 803 immutavit,
591 743 654 790 ut
696 733 1164 809 ontologismum
1206 735 1511 810 professus
1555 735 1643 794 sit.

179 823 242 878 6.
307 821 706 896 Ontologistac
758 840 907 882 vero
924 869 939 895 ,
997 823 1154 882 inter
1213 843 1369 899 quos
1422 823 1840 882 Malebranclze
1897 817 2079 897 (1638

35 909 131 967 ad
173 905 386 987 1715),
433 911 698 970 Gioberti
723 906 1194 988 (1801—1852),
1234 914 1516 982 Rosmini,
1547 913 1777 972 docent
1804 913 1883 971 ab
1912 910 2081 970 initio

35 999 222 1058 vitae
265 1011 518 1059 nostrae
574 1001 994 1060 intellectualis
1050 1019 1162 1060 nos
1216 1001 1565 1061 immediate
1622 1001 1839 1060 intueri
1883 1001 2079 1058 Deum

37 1086 132 1145 ita
180 1099 252 1146 ut
294 1090 364 1148 in
407 1089 540 1166 ipso
584 1101 790 1149 cetera
831 1091 1036 1149 omnia
1079 1108 1536 1165 cognoscamus,

181 1186 428 1244 Contra
471 1204 623 1261 quos
667 1206 882 1246 omnes
925 1188 1320 1247 assertionem
1380 1189 1541 1247 illam
1587 1189 1843 1263 primam
1888 1185 2082 1244 statui-

43 1294 214 1348 muS‚
261 1293 530 1352 eamque
572 1277 932 1351 probamus:

193 1386 246 1422 1.
279 1365 526 1423 Directe
543 1388 561 1423 .·
589 1383 663 1424 ex
692 1366 960 1425 evidenti
990 1367 1401 1425 conscientiae
1430 1364 1791 1424 testimonio.
1838 1363 2083 1423 Conscii

47 1455 232 1512 enim
289 1473 498 1513 sumus
551 1454 720 1514 ideas
775 1465 1012 1514 nostras
1068 1474 1197 1514 non
1253 1456 1425 1530 quasi
1491 1455 1927 1530 praeformatas
1988 1453 2084 1510 vel

47 1544 307 1602 innatas
345 1543 409 1600 in
439 1545 618 1603 nobis
647 1544 926 1615 inveniri,
971 1544 1081 1603 sed
1108 1554 1174 1602 ut
1202 1563 1239 1602 a
1268 1543 1445 1603 nobis
1474 1545 1816 1602 efformatas
1844 1559 2085 1616 semper

48 1633 484 1708 apprehendi:
521 1633 926 1709 «percipimus
953 1651 1066 1692 nos
1095 1634 1449 1692 abstrahere
1478 1633 1705 1691 formas
1722 1629 2085 1690 universales

53 1742 89 1779 a
137 1722 618 1782 condicionibus
660 1722 1172 1799 particularibus»
1206 1724 1223 1755 ¹
1306 1721 1494 1796 Quod
1541 1720 1783 1796 quidem
1829 1718 2086 1777 testimo-

53 1811 238 1870 nium
265 1812 435 1870 idem
465 1814 862 1872 recordamur
889 1812 1067 1871 fuisse
1095 1829 1357 1887 semper,
1404 1829 1515 1886 per
1554 1828 1765 1868 omnes
1794 1808 1951 1867 vitae
1981 1824 2085 1863 no·

55 1913 226 1961 strae
256 1921 474 1974 annOS,
520 1903 600 1962 ad
629 1921 786 1979 quos
814 1901 1108 1961 memoria
1137 1919 1269 1961 sese
1300 1899 1587 1960 extendit.
1633 1898 1807 1972 Quae
1836 1915 1975 1956 curn
2004 1895 2084 1953 ita

59 1993 216 2063 sint,
276 1993 550 2067 legitima
599 1993 954 2051 inductione
1009 1993 1191 2051 nobis
1232 1990 1600 2049 concludere
1641 1990 1782 2046 licet
1823 1984 2080 2045 eandem

63 2081 251 2140 fuisse
307 2081 532 2141 mentis
587 2092 835 2141 nostrae
891 2081 1299 2140 evolutionem
1354 2080 1433 2138 ab
1477 2078 1677 2147 initio,
1736 2075 1815 2134 ita
1872 2085 1934 2132 ut
1988 2074 2081 2131 vel

61 2169 330 2245 primam
390 2172 665 2230 omnium
721 2181 1061 2228 nostrarum
1117 2170 1393 2228 idearum
1413 2212 1427 2239 ,
1491 2166 1802 2225 notionem
1859 2162 2083 2221 scilicet

64 2260 242 2331 entis,
284 2278 417 2318 non
446 2260 721 2319 innatam
749 2260 860 2319 sed
889 2278 925 2317 a
952 2258 1129 2318 nobis
1159 2258 1305 2334 ipsis
1334 2258 1710 2315 efformatam
1738 2253 2079 2310 habeamus

67 2349 248 2422 Quae
305 2351 626 2408 conclusio
668 2350 931 2409 maxime
975 2349 1365 2408 confirmatur
1406 2362 1481 2403 ex
1523 2362 1624 2413 ee,
1683 2341 1848 2417 quod
1904 2338 2083 2397 etiam

69 2456 265 2509 nunc,
333 2439 578 2514 quoties
634 2438 838 2497 ideam
895 2439 1050 2497 entis
1107 2437 1394 2494 reflexam
1452 2432 1629 2491 nobis
1682 2431 2081 2493 efformamus,

69 2527 442 2603 percipimus
485 2546 602 2585 nos
645 2528 940 2586 rationem
985 2528 1149 2584 illam
1194 2524 1595 2582 universalem
1638 2538 1674 2577 a
1716 2513 2083 2576 condicioni-

69 2616 178 2674 bus
220 2616 691 2693 particularibus
739 2616 1108 2675 abstrahere.

195 2726 248 2764 2.
293 2707 626 2764 Indzrecte:
681 2707 1018 2781 Systemata
1062 2703 1303 2772 omnia,
1351 2717 1508 2774 quae
1550 2706 1761 2755 contra
1801 2694 1919 2749 hoc
1962 2699 2079 2747 tam

75 2795 321 2855 evidens
366 2794 785 2854 conscientiae
829 2791 1241 2852 testimonium
1283 2798 1623 2865 ponuntur,
1669 2779 1981 2839 arbitrario
2024 2785 2083 2833 et

77 2884 328 2959 gratuito
373 2894 518 2943 sunt
563 2884 918 2959 excogitata.

83 3084 149 3132 sie
184 3084 497 3134 durchliiuft.
552 3083 784 3132 Deshalb
822 3082 952 3131 wird
991 3079 1122 3129 auch
1162 3078 1245 3125 die
1274 3074 1420 3124 Seele
1461 3070 1604 3120 nicht
1644 3082 1743 3115 von
1782 3062 1956 3112 aussen
1995 3074 2081 3105 zur

85 3164 392 3213 Erkenntnis
431 3162 711 3223 bestimmt,
751 3163 979 3212 sondern
1019 3161 1090 3208 sie
1129 3157 1290 3207 selbst
1326 3156 1386 3202 ist
1426 3153 1519 3199 das
1553 3146 1749 3207 Prinzip
1790 3143 1911 3190 aller
1948 3139 2081 3186 ihrer

89 3244 484 3304 Erkenntnisse,
553 3244 724 3293 indem
777 3244 899 3309 jede
955 3235 1383 3301 vorhergehende
1443 3224 1754 3277 Erkenntnis
1811 3222 1909 3268 den
1972 3217 2077 3263 hin-

88 3326 388 3375 reichenden
429 3325 618 3373 Grund
655 3323 758 3373 fur
771 3325 858 3372 die
897 3320 1142 3387 folgende
1180 3316 1387 3364 bietet.»

203 3405 218 3436 ²
255 3408 310 3455 S.
361 3407 560 3463 Thom„
599 3406 651 3453 S.
690 3404 850 3453 theol.
894 3404 934 3459 Ι,
975 3418 1025 3463 q.
1070 3410 1153 3459 79,
1197 3412 1240 3441 a.
1280 3407 1331 3451 4.
