2367 3850
525 238 603 274 DE
642 239 825 276 CAUSA
863 239 1085 276 ULTIMA
1124 239 1448 276 SOCIETATIS
1488 240 1710 278 CIVILIS.
2003 240 2103 294 335

232 395 457 444 Thesis
495 397 767 458 probatio.
846 407 894 446 1.
938 388 1045 445 Ex
1074 389 1351 446 societatis
1377 389 1553 446 civilzs
1580 391 1859 447 constanti
1895 396 1950 445 et
1988 392 2108 447 uni·

93 477 333 533 ver-sali
374 478 716 534 exsistentia.
800 476 1068 534 Historia
1123 486 1351 535 certum
1404 488 1491 535 est
1545 479 1769 536 nullum
1827 497 1955 536 esse
2012 481 2108 537 vel

98 582 412 639 umquam
448 565 625 624 fuisse
655 567 961 641 populum,
1007 566 1110 640 qui
1151 585 1277 624 non
1320 566 1380 624 in
1425 567 1622 641 aliqua
1650 567 1933 626 societate
1964 569 2107 642 poli·

93 654 230 712 tica
286 654 523 712 vixerit.
610 656 757 712 Sunt
814 655 1058 729 quidem
1120 655 1434 713 societates
1489 657 1623 715 illae
1667 657 1796 731 plus
1839 656 2105 715 minusve

99 743 433 817 perfectae
502 762 614 818 pro
682 743 872 818 gradu
932 755 1200 802 servatae
1262 744 1562 819 dignitatis
1622 745 1803 821 ipsius
1861 756 2106 804 naturae

96 833 442 904 humanae,
474 833 582 890 sed
606 843 810 891 tamen
833 832 1147 891 societates
1175 843 1309 892 sunt
1338 834 1580 908 politice
1607 834 2055 909 «organizatae»
2073 837 2104 894 ¹.

233 923 494 979 Factum
531 931 735 983 ¹autem
791 931 911 980 tam
962 923 1285 981 universale
1339 932 1398 980 et
1452 933 1572 981 tam
1624 931 1898 992 constans,
1943 925 2108 999 quod

98 1010 355 1068 scilicet
395 1029 522 1068 non
551 1012 740 1068 solum
770 1011 942 1069 nullis
972 1010 1468 1070 vicissitudinibus
1511 1022 1569 1071 et
1611 1013 1891 1088 procellis
1919 1013 2107 1072 deleri

99 1099 340 1174 potuit,
401 1100 511 1158 sed
563 1118 639 1158 eo
692 1100 880 1174 magis
938 1117 1066 1158 sese
1122 1101 1368 1172 evolvit,
1428 1119 1549 1176 quo
1604 1101 1928 1176 perfectior
1982 1112 2107 1160 erat

101 1188 385 1264 dignitas
425 1197 673 1247 naturae
714 1188 1029 1261 humanae,
1087 1191 1251 1247 nulla
1306 1189 1421 1246 alia
1475 1189 1704 1248 ratione
1759 1192 2110 1264 suffi’cienter

101 1277 412 1353 explicari
454 1287 667 1352 potest,
712 1278 824 1336 nisi
867 1278 1244 1337 admittamus
1273 1278 1465 1354 ipsum
1508 1280 1571 1336 in
1612 1290 1821 1338 natura
1849 1281 2106 1339 humana

105 1367 367 1425 fundari
408 1368 485 1424 ab
529 1385 720 1442 eaque
762 1368 1103 1426 necessario
1144 1367 1496 1442 procedere.

240 1476 297 1514 2.
360 1456 469 1513 Ex
522 1456 956 1514 consideratione
1008 1459 1183 1532 ipsius
1238 1464 1485 1514 naturae
1537 1457 1833 1516 humanae.
1913 1459 2105 1518 Recte

104 1545 498 1613 contendere
540 1563 851 1621 possumus
890 1546 1127 1604 insitum
1170 1546 1401 1604 homini
1443 1557 1651 1604 natura
1705 1564 1835 1606 esse
1852 1594 1866 1619 ,
1926 1558 1985 1605 ut
2042 1549 2103 1606 in

103 1635 277 1694 civili
322 1635 608 1694 societate
649 1636 823 1705 vivat,
869 1637 933 1706 si,
978 1646 1246 1711 spectata
1274 1634 1657 1694 inclinatione
1688 1648 1746 1695 et
1773 1637 2103 1711 indigentia

103 1736 373 1784 naturae
410 1724 725 1795 humanae,
769 1721 825 1798 a)
868 1725 1199 1799 generatim
1227 1726 1567 1784 necessario
1597 1727 1815 1785 multae
1843 1727 2102 1785 familiae

101 1815 173 1872 in
220 1814 490 1873 eundem
518 1815 717 1872 locum
746 1825 1185 1889 congregantur
1227 1816 1305 1873 ad
1347 1816 1574 1873 bonum
1619 1834 1936 1874 commune
1971 1834 2102 1890 pro·

103 1904 531 1979 sequendum3
573 1898 636 1979 b)
676 1905 888 1963 eadem
917 1904 1269 1963 necessitate
1298 1904 1361 1962 in
1387 1904 1502 1963 hac
1526 1904 1897 1964 multitudine
1940 1904 2103 1964 unita

105 1996 307 2052 oritur
328 1994 634 2051 vinculum
670 2004 907 2053 mutuae
950 1994 1329 2069 obligationis
1373 1996 1480 2053 sub
1523 2013 1800 2070 suprema
1842 1995 2102 2070 quadam

106 2083 490 2142 auctoritate.
577 2085 668 2141 Ex
726 2083 816 2142 his
858 2082 1019 2142 enim
1060 2083 1294 2142 duobus
1335 2084 1645 2143 elementis
1688 2080 2002 2161 (materiali
2046 2095 2103 2143 et

109 2167 380 2247 formali)
425 2172 797 2230 constituitur
839 2172 1108 2231 societas,

239 2262 448 2336 Atqui,
481 2272 745 2337 spectata
774 2261 1158 2320 inclinatione
1190 2272 1249 2319 et
1277 2261 1606 2337 indigentia
1634 2272 1876 2321 naturae
1904 2263 2103 2322 huma·

110 2369 253 2423 nae,
299 2350 456 2410 haec
498 2352 618 2409 duo
659 2350 998 2410 necessario
1042 2351 1282 2409 evenire
1325 2361 1578 2427 oportet.
1661 2351 1928 2409 Etenim:

250 2470 276 2506 1
289 2494 302 2507 .
357 2448 729 2507 «Necessario
756 2449 966 2507 multae
978 2448 1257 2523 familiae
1282 2456 1697 2523 congregantur
1725 2444 2105 2524 (elementum

113 2531 475 2611 materiale).

245 2621 303 2701 a)
358 2627 464 2684 «Id
504 2637 668 2703 patet
694 2626 812 2686 iam
844 2645 918 2686 ex
944 2636 1147 2686 mutuo
1177 2645 1387 2697 amore,
1433 2646 1553 2702 quo
1582 2628 1854 2685 homines
1884 2646 1945 2685 se
1974 2645 2105 2702 pro-

114 2725 472 2791 sequuntur.
536 2716 698 2774 Sicut
736 2716 898 2775 enim
941 2716 1271 2791 generatim
1315 2716 1502 2775 simile
1534 2716 1705 2773 simili
1747 2716 1981 2790 gaudet,
2028 2716 2106 2773 ita

116 2806 308 2863 etiam
338 2805 613 2863 homines
641 2807 923 2863 societate
952 2806 1261 2864 hominum
1291 2806 1678 2864 delectantur.
1728 2806 1876 2864 Inde
1905 2823 2107 2863 neces-

115 2894 281 2955 sario
329 2904 690 2952 enascuntur
728 2896 926 2954 variae
970 2895 1287 2954 relationes
1316 2894 1561 2953 eosdem
1591 2903 1793 2952 mutuo
1823 2894 2108 2952 stabiliter

250 3104 268 3135 ¹
314 3107 413 3155 «Es
452 3106 519 3155 ist
556 3106 690 3155 noch
726 3106 845 3155 kein
870 3107 1094 3172 einziges
1120 3107 1258 3157 Volk
1284 3107 1598 3172 angetroffen
1623 3107 1846 3166 worden,
1886 3105 2106 3154 welches

119 3188 266 3237 nicht
323 3188 436 3236 eine
491 3188 620 3236 fiber
675 3187 758 3235 die
814 3187 1021 3237 Familie
1077 3187 1537 3237 hinausreichende
1595 3185 1953 3251 Organisation
2018 3186 2106 3233 mit

121 3269 307 3334 irgend
344 3268 486 3318 einer
522 3268 772 3317 hochsten
797 3268 1100 3333 politischen
1128 3268 1328 3317 Gewalt
1351 3268 1589 3316 besessen
1619 3304 1630 3315 .
1660 3305 1670 3315 .
1703 3305 1714 3315 .
1740 3267 1893 3314 hatte.
1946 3265 2106 3314 Aller-

121 3350 276 3414 dings
327 3350 392 3398 ist
446 3348 588 3398 diese
628 3348 981 3413 Organisation
1031 3350 1106 3398 oft
1156 3349 1276 3397 sehr
1311 3348 1488 3412 lockter
1522 3347 1627 3396 und
1677 3346 2104 3405 unvollkommen‚

123 3429 673 3493 nichtsdestoweniger
697 3430 758 3477 ist
783 3429 853 3476 sie
877 3428 1205 3478 vorhanden»
1241 3425 1517 3490 (Cathrein,
1545 3425 1837 3490 Moralphil.
1858 3426 1925 3485 H,
1954 3422 2103 3487 451).
