2367 3850
321 239 425 290 234
951 239 1289 276 THEOLOGJA
1328 240 1668 277 NATURALIS.

441 389 660 445 Futura
685 388 876 447 libera
903 386 1023 446 sive
1054 389 1326 446 absoluta
1353 388 1475 446 sive
1506 388 1928 447 condicionata
1956 391 2035 446 ab
2052 397 2273 447 aeterno

313 477 538 535 habent
591 495 760 535 suam
811 476 1178 536 obiecti-vam
1230 477 1543 536 veritatem
1560 523 1574 549 ,
1634 479 1714 536 ab
1768 488 2020 537 aeterno
2070 477 2275 535 scilicet

313 583 519 624 verum
561 576 650 624 est
691 565 770 624 ad
811 566 970 624 hunc
1026 566 1223 643 potius
1278 585 1458 642 quam
1514 566 1592 625 ad
1647 567 1825 625 alium
1884 577 2081 625 actum
2135 585 2275 624 crea-

313 666 504 714 turam
547 655 606 712 in
652 656 753 713 tali
783 655 1070 730 temporis
1099 665 1409 714 momento
1438 675 1501 718 se
1529 673 1740 715 revera
1766 656 2273 715 determinaturam

312 744 488 803 fuisse
507 791 521 815 ,
567 745 616 802 si
658 743 940 803 condicio
983 744 1180 820 posita
1224 753 1397 804 esset.
1482 745 1631 804 Cum
1676 763 1823 804 vero
1866 745 1983 804 Dei
2029 745 2273 820 cognitio

311 833 384 891 sit
425 834 684 904 infinita,
740 834 819 892 ad
861 852 1042 892 omne
1083 851 1293 892 verum
1334 852 1465 893 sese
1506 835 1866 906 extendenS,
1924 835 2027 892 illa
2078 835 2273 893 veritas

311 939 448 980 eum
489 923 675 981 latere
717 922 926 997 nequit
968 933 1029 981 et
1070 921 1263 998 ipsam
1306 923 1368 980 in
1411 941 1474 982 se
1516 922 1646 998 ipsa
1688 923 1940 998 attingit.

433 1011 552 1070 Sed
621 1022 831 1070 contra
900 1011 1059 1069 hanc
1131 1012 1563 1071 molinistarum
1635 1012 2099 1088 explicationem
2166 1013 2272 1068 tho·

311 1101 520 1160 mistae
563 1101 648 1158 sic
691 1109 973 1176 arguunt:

433 1198 650 1270 Prim0,
695 1200 914 1256 inutile&
940 1206 1024 1256 est
1047 1199 1280 1256 scientia
1307 1199 1508 1266 media,
1552 1197 1737 1257 immo
1766 1198 1915 1274 poni
1942 1218 2069 1258 non
2096 1207 2273 1275 potest

310 1299 370 1346 ut
413 1288 662 1347 scientia
703 1287 981 1346 distincta
1021 1307 1058 1346 a
1099 1287 1348 1346 scientia
1388 1285 1632 1346 visionis
1672 1290 1768 1346 vel
1811 1286 2099 1364 simplicis
2127 1287 2272 1346 intel-

310 1377 634 1453 legentiae,
693 1377 740 1434 si
785 1378 1053 1452 quaestio
1096 1387 1184 1436 est
1226 1395 1353 1434 non
1406 1377 1485 1435 de
1536 1377 1863 1449 vocabule,
1926 1378 2037 1436 sed
2090 1376 2165 1436 de
2214 1395 2267 1434 re

309 1467 345 1524 i.
390 1485 442 1526 e.
487 1467 565 1524 de
608 1476 926 1542 conceptu.
1011 1466 1253 1525 Etenim
1296 1466 1567 1525 diversae
1622 1465 1910 1526 scientiae
1953 1467 2072 1524 Dei
2129 1466 2270 1523 iuxta

309 1574 518 1614 omnes
560 1554 999 1631 distinguuntur
1041 1573 1112 1614 ex
1153 1565 1323 1631 parte
1353 1555 1760 1628 obiectorum3
1801 1556 1910 1614 sed
1947 1553 2157 1614 divisio
2182 1555 2267 1612 ob-

309 1645 599 1704 iectorum
652 1644 714 1702 in
771 1645 1024 1703 actualia
1077 1654 1137 1702 et
1191 1644 1495 1720 possibilia
1550 1654 1640 1702 est
1698 1644 2069 1718 adaequata3
2139 1660 2267 1718 ergo
2339 1693 2340 1710 ,

311 1733 557 1792 scientia
600 1732 800 1791 media
841 1733 1085 1792 obiecto
1128 1741 1308 1792 caret.
2004 1789 2011 1794 .

430 1822 667 1880 Deinde
709 1822 1168 1898 explicationem
1211 1821 1641 1880 molinistarum
1685 1821 1968 1896 reiciunt,
2032 1820 2169 1897 quia
2215 1823 2265 1878 in

309 1913 434 1988 ipsa
473 1912 898 1989 deprehendunt
919 1912 1248 1988 petitionem
1276 1912 1568 1988 princzpii,
1612 1910 1649 1971 i.
1682 1932 1733 1972 e.
1782 1911 1923 1988 quia
1964 1923 2027 1971 ut
2060 1920 2262 1971 certum

309 2013 368 2061 et
410 2002 767 2078 explicatum
807 2010 1153 2077 supponunt
1192 2001 1355 2076 quod
1385 2011 1473 2059 est
1501 2002 1940 2077 explicandum.
2000 2004 2169 2060 Haec
2190 2010 2265 2057 est

307 2091 469 2149 enim
510 2091 809 2167 quaestio:
869 2090 1198 2150 Undenam
1239 2091 1462 2149 habent
1520 2090 1713 2149 futura
1764 2089 1985 2163 libera,
2043 2090 2199 2165 quod
2234 2107 2264 2144 a

307 2181 443 2239 Deo
504 2190 671 2239 certo
731 2179 1231 2256 praevideantur?
1304 2210 1381 2219 —
1455 2180 1853 2255 Respondent
1911 2179 2258 2238 molinistae:

307 2268 446 2344 quia
488 2270 673 2327 altera
715 2287 788 2327 ex
831 2268 1312 2327 contradictoriis
1354 2276 1443 2327 est
1483 2269 1560 2327 ab
1617 2278 1866 2328 aeterno
1921 2287 2081 2329 vera.
2160 2266 2263 2325 Sed
2336 2322 2338 2335 ἆ

307 2357 636 2433 quaeritur,
697 2358 1001 2418 undenam
1054 2357 1275 2415 habeat
1330 2358 1495 2431 quod
1549 2357 1679 2432 ipsa
1733 2357 1809 2415 sit
1861 2377 2008 2416 vera
2060 2367 2117 2415 et
2154 2374 2261 2414 non
2336 2366 2338 2435 ζ

307 2448 502 2522 potius
545 2447 768 2505 altera?
815 2476 884 2487 --
930 2446 1357 2521 Respondent:
1419 2445 1582 2519 Quia
1624 2446 1755 2521 ipsa
1796 2465 2009 2505 revera
2063 2457 2148 2505 est
2194 2446 2263 2501 su·
2337 2452 2338 2519 l

306 2546 466 2607 tura,
527 2555 652 2594 non
696 2545 894 2594 autem
938 2537 1140 2594 altera.
1228 2536 1403 2609 Quae
1444 2535 1758 2611 responsio
1798 2554 1928 2593 non
1970 2546 2059 2595 est
2104 2534 2260 2609 expli·
2337 2532 2338 2562 ¹

307 2625 494 2697 catio,
540 2626 647 2685 sed
687 2625 818 2700 ipsa
857 2644 952 2684 res
995 2624 1386 2700 explicanda3
1430 2624 1732 2699 quaeritur
1772 2624 1965 2697 enim,
2012 2643 2115 2683 cur
2152 2624 2263 2698 ipsa

307 2714 380 2773 sit
421 2733 630 2773 revera
673 2715 866 2772 futura
907 2709 965 2789 (i.
1013 2730 1064 2771 e.
1099 2707 1284 2787 vera),
1327 2731 1453 2771 non
1496 2724 1691 2772 autem
1734 2714 1936 2772 altera.
1985 2744 2060 2753 -
2102 2712 2260 2771 Cuius

304 2805 391 2862 rei
433 2804 592 2862 nulla
634 2804 784 2861 ratio
826 2802 1126 2861 sufficiens
1159 2803 1358 2861 afferri
1387 2820 1563 2878 posse
1590 2802 1823 2860 videtur
1846 2802 1963 2861 nisi
1994 2822 2083 2873 ea,
2124 2818 2259 2876 quae

307 2894 605 2952 invenitur
645 2893 707 2951 in
751 2892 999 2951 decreto
1044 2889 1284 2950 divinae
1325 2891 1643 2949 voluntatis
1670 2893 1704 2950 ¹.

305 3107 436 3165 titur,
477 3123 541 3154 an
569 3112 830 3170 propterea
863 3108 1038 3166 solum,
1076 3108 1197 3170 quia
1233 3106 1287 3155 in
1323 3122 1372 3156 se
1398 3114 1469 3156 est
1491 3107 1709 3157 obiective
1731 3123 1852 3157 vera
1874 3113 1923 3157 et
1943 3112 2259 3173 consequenter

305 3188 567 3236 intellectui
613 3186 780 3235 divino
829 3188 1095 3236 necessario
1145 3188 1507 3251 cognoscibilis?
1580 3188 1696 3237 Hoc
1750 3187 1963 3236 alterum
2018 3198 2255 3238 censemus
2335 3216 2336 3230 ,

304 3281 416 3315 cum
455 3267 640 3315 Suarez
677 3267 1046 3315 asserendum.»

432 3342 449 3372 ¹
504 3344 630 3391 Sunt
685 3345 770 3406 qui
829 3345 1027 3393 tertium
1088 3346 1489 3409 excogitaverint
1550 3346 1756 3395 modum
1818 3347 2122 3411 explicandi.
2186 3344 2249 3392 Cf.

321 3422 485 3482 Eggn,
538 3420 698 3468 Ench.
753 3421 907 3469 theol.
948 3424 1118 3486 dogm.
1157 3440 1294 3487 spec.
1335 3442 1385 3489 p.
1426 3425 1524 3487 83:
1588 3426 1819 3474 «Tertia»
1842 3464 1854 3486 ,
1894 3426 2083 3491 inquit,
2138 3441 2251 3475 «sen-

2334 3104 2336 3113 ⁴
