2367 3850
628 239 704 276 DE
744 240 889 276 LEGE
930 239 1226 276 NATURALI
1267 240 1586 278 SPECIATIM.
1985 240 2080 292 301

222 389 464 446 Eadem
514 387 675 450 enim
730 387 1061 448 invincibili
1114 387 1500 464 persuasione
1519 436 1532 461 ,
1592 408 1710 465 qua
1761 389 2090 450 iudicamus

96 478 401 550 quasdam
419 478 686 538 actiones
706 497 835 537 esse
864 478 1204 538 necessario
1233 479 1532 551 honestaS,
1567 480 1856 555 quasdam
1889 497 2090 538 neces-

98 566 263 625 sario
304 566 650 626 inhonestas
694 562 773 642 (p.
822 586 933 643 273
974 563 1107 644 sq.),
1152 567 1437 628 sentimus
1479 567 1658 627 etiam
1698 587 1810 628 nos
1852 571 2088 646 impera-

97 657 213 713 tive
258 658 553 731 adstringi
588 658 673 714 ad
692 659 825 715 illas
852 659 1169 734 ponendas,
1213 659 1322 716 kas
1348 677 1481 717 vero
1509 659 1856 718 omittendas.
1916 659 2089 733 Quae

100 745 354 820 quidem
397 747 702 824 persuasio
721 794 735 819 ,
780 747 1149 824 experientia
1189 758 1338 806 teste
1355 793 1369 820 ,
1433 757 1554 806 tam
1593 748 1941 808 universalis
1983 758 2087 820 est,

99 844 161 892 ut
202 834 410 912 vigeat
451 837 612 913 apud
654 855 863 896 omnes
918 836 1194 918 nomines
1249 855 1430 896 sanae
1486 837 1702 897 mentis
1757 848 1816 897 et
1871 838 2087 908 cordiS,

100 924 265 1000 apud
284 925 449 1001 ipsos
478 927 733 1002 populos
761 925 1014 985 incultos
1042 937 1103 985 et
1130 925 1446 998 silvestreS‚
1478 937 1538 986 et
1565 926 1629 984 in
1657 927 1800 1003 ipsis
1829 938 2085 999 maneat,

101 1013 212 1071 etsi
256 1032 367 1072 cor
407 1015 666 1074 hominis
710 1015 1129 1091 cupiditatibus
1172 1033 1608 1092 saepenumero
1636 1016 1698 1074 in
1727 1017 2088 1076 contrarium

100 1102 427 1162 inclinetur
456 1104 489 1161 ¹.

222 1193 350 1252 Sed
390 1194 543 1252 haec
585 1204 708 1253 tam
748 1194 1125 1266 universalis,
1183 1205 1304 1253 tarn
1359 1205 1670 1267 constans,
1728 1206 1848 1254 tam
1904 1195 2090 1254 invin-

98 1281 295 1341 cibilis
350 1283 656 1359 persuasio
712 1283 881 1343 aliter
936 1283 1221 1360 explicari
1277 1284 1639 1344 sufficienter
1693 1303 1817 1343 non
1874 1295 2086 1362 potest,

100 1371 210 1428 nisi
256 1371 598 1432 admittatur
642 1372 878 1431 fundari
919 1374 981 1431 in
1036 1373 1167 1448 ipso
1223 1373 1387 1432 vocis
1439 1383 1687 1434 naturae
1745 1374 2085 1445 dictamine,

100 1460 229 1518 aliis
259 1461 488 1520 verbis:
519 1462 636 1521 nisi
662 1480 1068 1538 supponamus
1088 1461 1222 1539 ipso
1240 1462 1492 1521 naturali
1513 1463 1734 1523 lumine
1756 1463 2087 1524 intellectus

108 1567 243 1608 eam
273 1553 656 1627 promulgari.

220 1642 409 1699 Hanc
450 1651 647 1700 autem
688 1642 886 1717 legem
928 1642 990 1699 in
1045 1652 1258 1700 natura
1313 1659 1509 1701 rerum
1567 1640 1802 1700 fundari
1859 1642 1969 1712 ita,
2026 1653 2087 1701 ut

106 1729 179 1787 ab
223 1729 361 1805 ipso
389 1741 637 1789 naturae
665 1741 907 1789 auctore
936 1729 1163 1806 imponi
1197 1741 1359 1790 recte
1389 1730 1635 1801 dicatur,
1687 1729 2088 1791 «demonstrat

108 1819 341 1892 modus,
386 1839 509 1894 quo
550 1820 614 1878 in
654 1818 1111 1895 uniuscuiusque
1155 1819 1523 1879 conscientia
1556 1819 1863 1896 obligandi
1893 1831 2089 1880 aucto-

110 1909 251 1968 ritas
291 1928 423 1969 sese
466 1909 681 1987 prodit.
744 1910 903 1969 Nam
944 1909 1122 1969 etiarn
1165 1911 1384 1970 invitos
1425 1930 1537 1969 nos
1577 1910 1715 1970 huic
1757 1910 2088 1971 auctoritati

108 2000 409 2059 subiectos
465 2001 776 2072 sentimus,
847 2017 1101 2076 eamque
1156 2018 1500 2059 reveremur
1554 2010 1859 2075 tamquam
1913 2003 2088 2061 maie-

108 2097 320 2147 statem
364 2108 400 2147 a
438 2089 614 2147 nobis
641 2089 999 2161 distinctam,
1044 2090 1430 2165 superiorem,
1476 2089 1822 2148 universalis
1864 2091 2090 2149 ordinis

110 2178 421 2237 custodem
462 2178 911 2238 sanctissimum.
996 2180 1192 2237 Laeso
1233 2196 1378 2240 vero
1421 2198 1456 2236 a
1497 2177 1673 2238 nobis
1714 2179 1831 2237 hoc
1874 2180 2087 2239 ordine

106 2266 266 2325 illam
323 2268 515 2344 ipsam
570 2268 793 2327 laesam
849 2278 909 2327 et
962 2268 1197 2327 interna
1251 2268 1656 2327 conscientiae
1711 2286 1862 2327 voce
1920 2270 2087 2345 quasi

108 2356 479 2415 minitantem
536 2356 839 2416 vindicem
899 2358 1189 2419 timemus.
1293 2359 1508 2433 Neque
1568 2357 1810 2433 publica
1877 2361 2084 2431 solum,

107 2445 209 2503 sed
251 2446 349 2504 vel
392 2445 649 2505 maxime
692 2446 1005 2505 recondita
1058 2446 1312 2505 crimina
1366 2446 1464 2505 hic
1520 2447 1697 2506 timor
1756 2448 2084 2520 comitatur,

109 2534 283 2592 etiam
327 2534 375 2592 si
419 2533 597 2594 iudex
636 2536 928 2594 humanus
970 2553 1094 2594 non
1138 2536 1334 2595 timeri
1376 2536 1648 2595 debeat.»
1680 2536 1702 2569 ¹

220 2624 407 2683 Unde
428 2625 754 2699 Apostolus
781 2625 860 2684 ad
879 2626 1192 2684 Romanos
1220 2625 1487 2684 scribens
1507 2620 1585 2699 (2,
1615 2644 1687 2697 14
1707 2619 1853 2701 sq.):
1891 2628 2087 2686 «Gen-

108 2722 254 2785 tes,»
304 2712 528 2788 inquit,
593 2732 783 2789 «quae
837 2716 1035 2790 legem
1082 2734 1208 2773 non
1250 2716 1476 2773 habent
1518 2711 1576 2790 (i.
1621 2732 1673 2773 e.
1719 2711 2086 2790 mosaicam),

108 2804 449 2861 naturaliter
490 2820 594 2873 ea,
652 2821 806 2877 quae
848 2804 995 2878 legis
1037 2815 1200 2875 sunt,
1246 2804 1503 2878 faciunt3
1559 2804 1849 2864 eiusmodi
1891 2805 2088 2881 legem

107 2910 226 2950 non
268 2893 581 2964 habentes,
624 2892 739 2968 ipsi
780 2892 892 2951 sibi
934 2904 1068 2951 sunt
1107 2894 1233 2951 lex:
1279 2893 1382 2969 qui
1412 2894 1732 2952 ostendunt
1760 2914 1910 2970 opus
1938 2896 2086 2970 legis

106 2982 388 3058 scriptum
432 2980 494 3039 in
538 2981 821 3040 cordibus
862 2983 997 3053 suiS,
1041 2982 1444 3041 testimonium
1487 2982 1778 3041 reddente
1808 2983 1919 3043 illis
1948 3003 2088 3042 con-

106 3071 353 3129 scientia
393 3070 678 3146 ipsorum,
724 3081 784 3130 et
825 3071 979 3129 inter
1020 3090 1084 3130 se
1127 3072 1386 3130 invicem
1429 3071 1888 3146 cogitationibus
1918 3092 2085 3131 accu-

108 3160 386 3231 santibus,
430 3169 530 3218 aut
571 3160 749 3219 etiam
792 3160 1311 3219 defendentibus»

224 3353 242 3385 ¹
283 3355 363 3405 Cf.
404 3371 558 3420 supra
595 3374 647 3421 p.
693 3369 785 3404 111
831 3365 881 3405 et
926 3356 1040 3417 184.

222 3432 245 3465 ²
286 3437 523 3485 Cathrein
561 3436 593 3484 1.
634 3453 679 3486 c.
717 3453 768 3500 p.
816 3449 912 3498 123
952 3453 1025 3500 sq.
