2367 3850
756 884 986 949 PARS
1031 886 1432 964 ALTERA,

883 1013 1045 1063 QUAE
1073 1013 1329 1055 DICITUR

625 1135 1566 1222 SYNTHETICA.

947 1449 1158 1497 LIBER
1207 1449 1249 1498 1.

588 1565 711 1626 DE
759 1566 1151 1630 NATURA
1201 1568 1600 1633 HOMINIS.

942 1720 1161 1779 CAPUT
1206 1737 1242 1778 1.

405 1841 520 1897 DE
564 1842 915 1900 NATURA
960 1844 1288 1900 ANIMAE
1333 1845 1777 1903 HUMANAE.

891 1987 1224 2035 ARTlcULUs
1265 1999 1300 2034 1.

672 2100 768 2148 DE
805 2100 1192 2150 UNICITATE
1231 2101 1524 2151 ANIMAE.

231 2223 379 2279 Tres
422 2223 484 2279 in
528 2222 702 2281 nobis
740 2223 1119 2298 operationes
1146 2224 1354 2282 vitales
1383 2224 1661 2299 specifice
1690 2224 1994 2282 distinctas
2023 2223 2085 2281 in

117 2308 312 2383 priore
353 2321 523 2387 parte
566 2312 1041 2385 observavimus,
1085 2314 1392 2371 nimirum:
1452 2314 1632 2372 vitam
1674 2313 2083 2389 vegetativam,

117 2397 293 2456 vitam
333 2401 673 2460 sensitivam
691 2449 705 2474 ,
749 2402 932 2460 vitam
974 2402 1342 2461 rationalem.
1427 2404 1789 2478 Principium
1831 2421 1975 2461 vero
1993 2448 2007 2473 ,
2051 2421 2086 2459 a

121 2506 237 2561 quo
276 2490 482 2548 ultimo
524 2501 829 2567 tamquam
874 2512 908 2549 a
951 2492 1249 2568 principio
1280 2492 1511 2551 formali
1542 2493 1922 2568 operationes
1951 2492 2086 2549 illae

120 2579 478 2651 procedunt,
524 2580 785 2638 animam
828 2581 1202 2654 vocavimUS,
1245 2581 1328 2639 ita
1369 2591 1432 2639 ut
1471 2582 1765 2657 triplicem
1809 2581 1869 2639 in
1912 2581 2086 2640 nobis

122 2666 370 2727 animam
405 2669 860 2742 distinxerimuS,
905 2670 941 2729 i.
974 2688 1025 2729 e.
1058 2672 1468 2746 vegetativam,
1514 2670 1871 2743 sensitivam,
1916 2670 2087 2729 ratio-

121 2758 327 2814 nalem.
398 2761 527 2816 Iam
570 2778 714 2817 vero
756 2762 1089 2834 quaeritur:
1137 2768 1330 2818 utrum
1381 2768 1497 2818 tres
1537 2762 1671 2819 illae
1711 2763 1936 2829 animae
1974 2762 2091 2818 sint

123 2849 182 2904 in
221 2848 370 2905 nobis
410 2850 647 2907 realiter
685 2850 995 2917 distinctae,
1044 2869 1122 2907 an
1163 2851 1331 2907 unica
1372 2857 1592 2908 tantum
1637 2852 1697 2907 in
1737 2851 1957 2907 homine
1986 2857 2084 2925 po-

125 2937 301 2993 nenda
338 2939 415 2994 sit
453 2940 663 2995 anima.

242 3071 437 3122 Dubia.
521 3062 774 3121 Videtur
813 3081 941 3121 non
983 3062 1250 3132 unicam,
1311 3063 1417 3120 sed
1474 3065 1673 3137 plures
1729 3063 1790 3120 in
1837 3052 2084 3120 homine

129 3167 251 3208 esse
290 3153 533 3211 animas.
619 3153 893 3211 Etenim:

250 3262 291 3299 1.
350 3241 409 3299 Si
452 3242 652 3300 anima
692 3242 1055 3318 vegetativa‚
1102 3241 1409 3312 sensitiva,
1472 3241 1776 3299 rationalis
1832 3252 1922 3299 est
1962 3259 2085 3300 rea-

129 3328 254 3386 liter
290 3331 501 3395 eadem
544 3332 898 3401 substantia,
957 3331 1318 3404 ubicumque
1361 3348 1480 3387 una
1523 3340 1640 3402 est,
1700 3330 1809 3389 erit
1851 3340 1910 3388 et
1951 3332 2080 3388 alia.

136 3416 244 3475 Sed
284 3437 657 3495 consequens
701 3420 908 3477 falsum
953 3431 1057 3478 est.
1125 3422 1195 3477 In
1240 3418 1469 3476 ossibus
1511 3419 1670 3475 enirn
1715 3437 1765 3475 e.
1811 3438 1866 3491 g.
1912 3437 2083 3490 vege-

1684 3515 1760 3573 7*

789 3700 1398 3808 253}er
