2367 3850
1524 11 1539 19 ¹*
1678 11 1782 33 “²'‘
1797 11 2362 202 W]

1718 46 1727 52 .
1843 52 1854 64 ο
1919 50 1930 62 ,

242 257 343 308 292
822 259 1053 297 ETHICA.
1118 259 1257 297 PARS
1296 259 1637 300 GENERALIS.

357 407 486 466 Iam
526 425 671 465 vero
713 425 923 466 omnes
965 407 1282 468 admittunt
1323 419 1488 468 actus
1524 411 1584 467 in
1627 409 1912 467 abstracto
1954 407 2238 467 conside-

236 506 398 555 ratos
442 490 525 572 (in
568 491 793 572 specie)
838 515 967 556 esse
1010 498 1256 568 multOS,
1315 497 1417 573 qui
1461 497 1577 556 sint
1635 497 2073 558 indifferentes,
2163 499 2236 554 In

235 586 537 644 abstracto
580 585 741 644 enim
785 595 1084 662 spectatus
1126 597 1293 646 actus
1320 587 1610 646 humanus
1641 586 1958 663 respicitur
1998 595 2235 645 tantum

236 675 565 734 secundum
592 693 760 734 suum
791 675 1113 748 obiectum,
1154 695 1192 734 a
1230 693 1350 751 quo
1380 676 1770 750 specificatur,
1809 676 2235 744 ⁴abstrahendo

235 783 273 824 a
324 765 444 823 fine
486 765 791 840 operantis
831 775 892 824 et
950 784 987 823 a
1046 764 1289 840 reliquis
1350 764 1820 838 circumstantiis,
1883 766 1947 823 in
2012 765 2236 840 quibus

234 853 391 912 actio
435 853 678 912 elicitur.
738 853 963 914 Taliter
991 873 1135 914 vero
1178 854 1592 914 consideratae
1621 854 1840 915 multae
1881 865 2023 914 sunt
2051 854 2239 913 actio-

232 961 357 1015 nes,
402 965 455 1001 v.
487 962 543 1018 g.
588 943 912 1015 ambulare,
956 944 1186 1014 sedere,
1231 944 1488 1016 studere,
1533 962 1687 1019 quae
1729 962 1927 1019 neque
1971 943 2237 1020 positive

235 1033 543 1091 difformes
584 1050 784 1108 neque
825 1033 1079 1109 positive
1122 1034 1468 1092 conformes
1494 1039 1644 1092 'sunt
1671 1045 1917 1092 naturae
1947 1033 2235 1092 rationali

241 1122 519 1192 hominiS,
564 1131 624 1180 et
666 1122 923 1196 proinde
966 1132 1101 1181 sunt
1141 1122 1554 1182 indifferentes
1581 1123 1612 1182 ¹.

358 1221 573 1280 Utrum
604 1239 750 1278 vero
792 1222 854 1278 in
894 1226 1158 1290 concreto,
1203 1221 1238 1280 i.
1272 1238 1324 1279 e.
1355 1221 1736 1279 considerato
1765 1222 1884 1279 fine
1913 1210 2235 1296 operantis

226 1310 485 1383 aliisque
528 1309 983 1367 circumstantiis
1025 1311 1337 1386 perpensis
1379 1305 1464 1384 (in
1506 1304 1854 1383 individuo),
1905 1319 2081 1368 actus
2125 1312 2229 1367 hu-

234 1417 443 1458 manus
472 1398 657 1474 possit
685 1399 805 1457 dici
833 1399 1181 1458 indifferens
1218 1417 1432 1470 necne,
1478 1400 1554 1459 ab
1593 1401 1930 1458 auctoribus
1973 1401 2039 1457 in
2085 1418 2232 1458 con-

235 1488 505 1547 tentione
547 1488 805 1564 ponitur.

355 1588 557 1661 Atque
616 1587 986 1654 communior,
1049 1603 1205 1660 quae
1261 1583 1321 1644 S.
1365 1585 1636 1644 Doctoris
1659 1585 1682 1619 ²
1735 1595 1854 1657 est,
1918 1585 2229 1645 sententia

230 1684 397 1733 tenet
438 1676 663 1732 nullum
706 1685 903 1733 actum
944 1673 1338 1734 deliberatum
1381 1673 1444 1732 in
1486 1685 1772 1733 concreto
1815 1676 1910 1734 vel
1959 1676 2027 1732 in
2075 1674 2228 1733 indi-

235 1764 415 1822 viduo
470 1763 913 1822 indifferentem
972 1782 1104 1822 esse
1160 1781 1357 1840 posse.
1442 1764 1622 1822 Cuius
1677 1765 2010 1823 sententiae
2070 1765 2227 1822 ratio

240 1853 569 1929 praecipua
609 1853 761 1911 haec
803 1863 921 1913 est:

358 1952 570 2011 Omnis
629 1952 811 2010 homo
829 1998 843 2023 ,
906 1971 1041 2010 cum
1100 1962 1353 2028 propter
1409 1954 1590 2013 finem
1649 1952 1918 2010 ultimum
1979 1972 2018 2011 a
2081 1954 2222 2011 Deo

242 2052 473 2099 creatus
515 2040 604 2111 sit,
650 2042 727 2100 ad
768 2042 948 2101 finem
992 2042 1154 2099 illum
1198 2042 1468 2099 ultimum
1529 2042 1590 2099 in
1647 2042 1874 2099 actibus
1915 2042 2039 2100 suis
2083 2043 2228 2101 deli-

238 2128 457 2189 beratis
500 2128 699 2205 aliquo
740 2130 944 2203 mode,
987 2132 1196 2190 saltem
1224 2131 1688 2206 interpretative,
1733 2131 1981 2189 tendere
2011 2131 2224 2190 debet.

239 2220 412 2293 Quae
441 2221 593 2278 ultro
623 2220 886 2278 defluunt
928 2238 1003 2279 ex
1035 2220 1121 2291 iis,
1166 2239 1323 2296 quae
1353 2238 1534 2296 supra
1560 2221 1721 2279 circa
1747 2221 1928 2279 finem
1956 2220 2228 2279 hominis

238 2304 319 2384 (p.
358 2329 468 2384 139
498 2303 655 2385 sqq.)
698 2320 759 2368 et
798 2309 1240 2368 ordinationem
1283 2310 1609 2386 specialem
1649 2309 1906 2368 hominis
1943 2310 2005 2367 in
2037 2312 2224 2369 finem

241 2392 319 2473 (p.
371 2393 507 2474 257)
552 2398 1001 2458 declaravimus,

357 2496 486 2552 Iam
541 2514 685 2554 vero
727 2497 790 2554 in
832 2498 997 2555 omni
1049 2498 1287 2556 actione
1343 2497 1553 2555 morali
1595 2495 1902 2555 individua
1941 2506 2045 2554 aut
2091 2496 2226 2554 finis

238 2583 336 2641 ille
377 2585 702 2643 intenditur
742 2596 841 2643 aut
880 2603 1007 2644 non
1036 2587 1390 2645 intenditur:
1435 2604 1558 2643 non
1601 2585 1772 2643 adest
1799 2584 2088 2643 medium.
2165 2584 2222 2642 Si

239 2690 362 2730 non
404 2673 757 2746 intenditur,
821 2674 979 2733 actio
1020 2677 1328 2734 moraliter
1385 2676 1542 2735 mala
1584 2684 1705 2747 est3
1764 2674 1813 2732 si
1869 2674 2221 2745 intenditur,

236 2762 376 2821 licet
416 2762 893 2821 circumstantiae
936 2763 1086 2823 aliae
1130 2764 1538 2823 indifferentes
1581 2763 1712 2835 sint,
1761 2781 1838 2822 eo
1881 2764 2015 2839 ipso
2053 2765 2222 2822 bona

239 2862 327 2909 est
368 2851 542 2911 acti0.
2089 2876 2100 2882 ·

356 2950 570 3025 Neque
613 2949 773 3008 enim
816 2950 893 3009 de
935 2950 1251 3026 hypothesi
1293 2951 1662 3025 loquendum
1703 2960 1810 3021 est,
1867 2950 1930 3006 in
1973 2968 2098 3024 qua
2142 2969 2216 3008 ex

236 3039 364 3097 aliis
407 3039 857 3097 circumstantiis
907 3040 1065 3097 actio
1107 3040 1278 3098 fieret
1317 3040 1504 3111 mala,
1561 3048 1703 3096 tunc
1758 3039 1918 3097 enim
1960 3057 2036 3096 eo
2081 3038 2219 3114 ipso

237 3126 368 3185 finis
410 3127 647 3185 ultimus
687 3128 918 3188 intendi
958 3148 1084 3187 non
1126 3138 1341 3204 potest.

365 3358 381 3387 ¹
419 3362 498 3409 Cf.
542 3362 776 3410 Cathrein
812 3364 845 3412 1.
886 3380 929 3412 c.
968 3382 1019 3427 p.
1061 3366 1127 3427 89
1167 3382 1276 3430 sqq.

359 3434 380 3464 ²
417 3439 467 3484 S.
518 3439 703 3495 Thom„
744 3440 795 3488 S.
836 3441 989 3491 theol.
1029 3444 1068 3502 1,
1109 3446 1173 3503 11,
1215 3462 1263 3509 q.
1311 3446 1388 3505 18,
1435 3463 1480 3495 a.
1521 3459 1570 3505 9.
