2367 3850
278 207 348 254 60
715 215 1223 253 ANTHROPOLOGIA.
1288 214 1425 251 PARS
1466 211 1813 250 ANALY'rrcA.

581 378 616 445 ξ
657 393 703 430 2.
771 383 856 430 De
897 381 1115 442 origine
1153 388 1211 429 et
1248 380 1643 429 efformatione
1680 379 1952 427 idearum.

281 592 684 651 observationi
722 601 882 652 recte
912 593 1210 651 institutae
1238 592 1489 662 fidimuS‚
1533 591 1685 650 haec
1714 609 1849 648 cum
1891 586 2279 648 scholasticis

400 506 446 561 Ι.
508 515 594 562 De
650 512 862 575 origine
917 513 1184 562 idearum.
1261 502 1440 561 Circa
1494 501 1789 577 originem
1844 498 2171 570 idearum,
2236 497 2279 555 si

279 683 450 740 statui
493 692 740 757 possunt
781 681 1109 757 principia:
2326 509 2355 764 Ι

399 813 656 872 Assertio
694 814 747 872 I.
793 843 870 853 —
913 815 1234 872 Intellectus
1289 821 1480 872 noster
1530 814 1694 870 initio
1748 812 1907 870 omni
1956 811 2279 884 cognitione

279 913 484 962 actuali
539 903 896 962 destituitur:
951 915 1040 962 est
1081 903 1233 962 sicut
1292 903 1526 961 «tabula
1571 920 1761 972 rasa»,
1821 901 1881 958 in
1942 918 2070 975 qua
2126 899 2276 956 nihil

280 1003 370 1050 est
411 991 712 1067 scriptum,
757 991 866 1052 sed
907 1003 1105 1051 tamen
1150 1002 1240 1052 est
1280 993 1342 1050 in
1372 993 1631 1069 potentia
1670 989 1752 1049 ad
1784 989 2273 1065 cognosendum.
2334 1051 2353 1068 x

401 1091 575 1148 Haec
630 1089 961 1166 propositio
1016 1089 1282 1149 statuitur
1336 1099 1546 1148 contra
1611 1089 1871 1147 fautores
1931 1084 2276 1163 systematis

281 1179 548 1237 idearum
602 1179 966 1250 innatarum,
1024 1179 1179 1238 inter
1236 1197 1387 1254 quos
1442 1177 1794 1237 nominandi
1850 1188 2017 1236 sunt:
2081 1178 2273 1246 Plato,

283 1266 598 1338 Cartesius,
643 1267 1000 1339 Leibnizius,
1045 1271 1226 1340 Kant,
1272 1267 1566 1341 Rosmini,
1608 1267 2024 1342 ontologistae.
2336 1287 2339 1290 ⁴

409 1386 458 1424 1.
503 1367 581 1422 Et
605 1365 777 1424 Plato
816 1360 1149 1441 (427—347
1190 1387 1243 1424 a.
1276 1367 1417 1425 Chr.
1447 1361 1531 1440 n.)
1576 1364 1839 1441 quidem,
1882 1363 2129 1422 theoria
2170 1382 2273 1422 sua

283 1454 360 1513 de
390 1457 870 1530 praeexsistentia
910 1457 1235 1514 animarum
1277 1455 1455 1527 nisuS,
1486 1455 1726 1530 formas
1766 1472 1967 1512 rerum
2006 1453 2270 1522 animae,

284 1562 420 1602 cum
464 1544 703 1618 corpori
746 1544 1104 1617 infunditur,
1161 1546 1283 1603 iam
1337 1545 1555 1604 inditas
1598 1562 1727 1604 esse
1770 1543 2009 1615 docuit,
2052 1543 2169 1602 sed
2210 1542 2271 1600 in

283 1642 434 1690 statu
475 1630 740 1707 quodam
769 1634 938 1709 quasi
965 1634 1300 1694 oblivionis
1364 1635 1704 1694 Occasione
1732 1651 1877 1692 vero
1908 1631 2271 1692 sensationis

284 1720 549 1796 cognitio
590 1721 690 1780 illa
732 1722 1143 1783 intellectualis
1159 1770 1173 1796 ,
1231 1723 1390 1782 iuxta
1440 1723 1635 1804 ipsum
1650 1768 1666 1794 ,
1723 1721 1891 1798 quasi
1947 1721 2267 1792 reviviscit,
2344 1642 2363 1862 l

284 1810 365 1867 ita
392 1821 471 1882 ut,
504 1830 639 1869 cum
665 1831 852 1871 novas
885 1831 979 1871 res
1008 1813 1386 1885 addiscimus,
1418 1814 1787 1889 aliquatenus
1815 1813 2265 1869 reminiscamur.

409 1930 459 1967 2.
527 1907 816 1967 Cartesius
842 1910 860 1944 ¹
918 1929 1063 1969 vero
1126 1905 1242 1987 (vel
1302 1911 1511 1970 saltem
1570 1903 1927 1984 cortesiani),
1989 1928 2134 1967 cum
2188 1908 2267 1967 ad
2350 1887 2363 1922 ‘⁹

284 1998 601 2057 essentiam
655 1998 891 2057 animae
946 2000 1370 2075 cogitationem
1412 2002 1706 2059 actualem
1762 2000 2066 2075 pertinere
2115 1998 2267 2057 arbi-

285 2097 464 2145 tratus
506 2087 594 2158 sit,
641 2087 829 2162 ipsam
873 2088 1040 2147 initio
1083 2108 1224 2147 suae
1254 2089 1627 2148 exsistentiae
1665 2087 2072 2165 compluribus
2114 2086 2265 2145 ideis

284 2176 629 2235 instructam
687 2196 815 2235 esse
870 2178 1209 2237 autumavit.
1306 2180 1486 2237 Tales
1532 2189 1666 2237 sunt
1726 2177 1863 2237 idea
1916 2177 2070 2249 Dei,
2129 2177 2267 2235 idea
2344 2172 2355 2181 ’

287 2265 375 2323 sui
417 2264 615 2341 ipsiuS,
661 2265 797 2325 idea
840 2266 1235 2342 cogitationis,
1280 2268 1417 2326 idea
1456 2267 1630 2327 liberi
1672 2266 1896 2326 arbitrii
1916 2267 1955 2325 ².

407 2374 462 2429 3.
520 2355 843 2413 Leibnizius
865 2357 887 2389 ⁸
947 2356 1168 2415 deinde
1241 2357 1500 2415 animam
1570 2357 1895 2415 monadem
1957 2355 2267 2432 quandam

285 2462 414 2502 esse
452 2443 657 2502 docuit
684 2444 931 2520 speciali
959 2464 1151 2520 eaque
1181 2445 1488 2521 superiore
1522 2446 1865 2521 cognitione
1908 2444 2265 2521 praeditam,

286 2551 439 2607 quae
482 2532 555 2591 sit
595 2533 764 2608 quasi
805 2535 1047 2593 schema
1092 2536 1400 2609 quoddam
1448 2536 1761 2594 confusum
1778 2582 1792 2607 ‚
1838 2554 1913 2594 ex
1955 2552 2079 2609 quo
2120 2543 2267 2591 tam·
2357 2494 2367 2643 1

286 2641 464 2697 quam
506 2640 579 2680 ex
621 2622 918 2698 principio
961 2623 1156 2683 omnis
1198 2625 1463 2700 cognitio
1507 2624 1753 2683 actualis
1792 2625 2016 2683 defluat
2034 2626 2073 2681 ⁴.
2360 2644 2367 2688 ἦ

411 2834 428 2865 ¹
466 2837 546 2884 De
586 2835 812 2884 Cartesio
849 2835 963 2883 vide
1001 2836 1100 2885 vol.
1139 2836 1179 2896 Ι,
1228 2836 1340 2885 186.
1987 2888 1994 2895 ,

409 2912 431 2945 ²
469 2916 546 2964 Cf.
586 2915 816 2975 Boedder,
857 2915 1193 2981 Psychologia
1229 2933 1279 2981 p.
1323 2929 1441 2976 219.
1589 2915 1611 2947 ³
1649 2917 1728 2966 Cf.
1766 2916 1867 2966 vol.
1908 2918 1948 2976 I,
1992 2917 2113 2977 264.

408 2995 429 3025 4
467 2998 633 3060 Quam
670 2992 962 3060 (Leibnizii)
1014 2997 1316 3046 sententiam
1352 2998 1571 3047 Lehmen
1612 2996 1913 3061 (Lehrbuch
1964 2998 2057 3047 der
2104 2996 2262 3045 Philo-

287 3078 467 3142 sophie
493 3078 558 3139 ΙΙ,
589 3073 717 3140 346)
759 3077 832 3125 sic
869 3077 1116 3141 explicat:
1163 3078 1305 3126 «Wie
1344 3078 1434 3126 der
1457 3078 1665 3142 K6rper
1700 3094 1789 3126 aus
1814 3079 2093 3138 Monaden,
2136 3078 2184 3125 d.
2212 3078 2258 3125 h.

287 3158 566 3217 einfachen,
607 3158 694 3205 mit
732 3158 1040 3207 Erkenntnis
1076 3166 1458 3223 ausgerfisteten
1493 3159 1807 3218 Elementen,
1846 3160 2067 3219 besteht,
2108 3175 2165 3207 so
2203 3158 2261 3206 ist

289 3239 416 3287 auch
457 3239 536 3286 die
575 3238 722 3287 Seele
760 3239 871 3287 eine
909 3240 996 3287 mit
1031 3240 1240 3288 lt'o‘lzerer
1276 3238 1579 3287 Erkenntnis
1622 3247 1983 3304 ausgestattete
2022 3240 2257 3288 Monade.

289 3320 389 3367 Die
427 3320 685 3367 Monaden
722 3319 859 3367 uben
895 3320 1081 3367 keinen
1115 3318 1327 3367 Einfluss
1364 3319 1689 3367 aufeinander
1726 3335 1843 3379 aus;
1880 3318 2001 3381 jede
2038 3319 2259 3369 einzelne

290 3398 515 3446 Monade
552 3398 613 3445 ist
649 3397 893 3446 vielmehr
927 3399 1016 3446 das
1042 3399 1292 3461 adaquate
1317 3398 1514 3461 Prinzip
1541 3398 1667 3447 aller
1692 3399 2145 3466 Veriinderungen‚
2184 3399 2259 3447 die
