2367 3850
309 219 407 267 186
931 221 1260 267 THEoLooxA
1300 229 1638 266 NATURALIS.

421 379 767 437 Notandum
810 377 1066 454 proinde
1108 388 1199 436 est
1238 395 1349 436 nos
1375 378 1476 435 hic
1504 378 1667 436 nullo
1695 376 1882 436 modo
1910 377 2263 435 contendere

299 485 486 526 omnes
523 468 773 527 homines
786 513 805 538 ‚
859 469 981 525 sine
1019 467 1140 525 ulla
1179 468 1517 543 exceptione,
1561 468 1761 526 Deum
1816 484 2045 542 semper
2082 484 2266 540 agno·

299 557 469 617 visse.
553 557 937 616 Admittimus
992 556 1155 616 enim
1216 575 1453 632 semper
1501 547 1675 615 fuis'se
1733 555 1838 631 qui
1892 557 2079 613 Deum
2130 574 2265 614 esse

297 647 682 723 negaverint,
741 647 924 706 immo
974 647 1129 705 ultro
1189 647 1441 705 fatemur
1494 645 1847 704 atheismum
1902 644 2183 703 interdum
2222 664 2267 702 a

300 736 458 796 falsis
517 735 890 813 philosophis
959 734 1036 794 ad
1104 735 1526 794 notabiliorem
1584 752 1902 794 numerum
1966 733 2271 792 hominum

299 826 597 902 serpsisse.
684 827 804 886 Sed
858 825 920 884 hi
975 836 1110 884 sunt
1150 825 1336 883 morbi
1370 825 1725 901 spirituales,
1784 825 1887 899 qui
1931 823 2165 882 veniunt
2202 832 2271 882 et

299 914 621 991 recedunt3
676 917 794 974 hoc
836 933 1017 974 unum
1060 914 1508 974 contendimus:
1558 932 1747 990 genus
1790 913 2109 972 humanum
2147 930 2273 987 qua

297 1006 413 1064 tale
457 1023 695 1080 semper
735 1022 959 1064 numen
1002 1004 1311 1080 quoddam
1352 1021 1696 1079 supremum
1737 1001 2065 1078 agnovisse.

419 1101 686 1161 Dicimus
739 1112 938 1162 autem
979 1119 1167 1178 genus
1222 1102 1544 1159 humanum
1588 1118 1825 1176 semper
1866 1118 2069 1158 numen
2105 1101 2273 1174 quod-

295 1193 428 1249 dam
481 1201 801 1267 supremum
856 1191 1189 1267 agnovisse.
1274 1191 1430 1264 Quia
1485 1189 1584 1248 hic
1638 1207 1835 1248 sermo
1890 1207 2015 1248 non
2064 1199 2147 1247 est
2187 1190 2271 1247 de

298 1281 641 1356 cognitione
688 1280 967 1357 explicita
1021 1290 1081 1339 et
1137 1281 1301 1338 clara
1340 1279 1457 1339 Dei
1512 1279 1755 1349 infiniti,
1814 1277 2097 1337 creatoris
2148 1295 2271 1335 om-

295 1370 491 1442 nium,
548 1369 656 1429 sed
711 1371 789 1429 de
845 1369 1191 1446 cognitione
1236 1369 1361 1428 eius
1414 1370 1663 1428 confusa
1708 1379 1767 1427 et
1807 1367 2091 1444 implicite
2132 1385 2275 1425 con-

299 1469 461 1518 tenta
503 1461 563 1518 in
606 1459 760 1532 idea,
807 1479 857 1519 e.
901 1479 958 1536 g.
1001 1458 1357 1535 legislatoris
1384 1458 1691 1517 cuiusdam
1732 1457 2013 1534 supremi,
2060 1457 2157 1532 qui
2198 1457 2276 1516 sit

299 1567 476 1608 causa
517 1549 876 1608 discriminis
914 1549 1062 1608 boni
1104 1558 1165 1606 et
1193 1549 1333 1606 mali
1375 1547 1632 1618 moraliS,
1676 1549 1771 1607 vel
1814 1546 1995 1606 etiam
2036 1545 2095 1604 in
2136 1545 2275 1604 idea

299 1638 656 1714 ordinatoris
684 1638 990 1698 cuiusdam
1019 1638 1280 1714 supremi
1307 1637 1477 1696 huius
1508 1636 1749 1710 ordiniS,
1796 1637 1960 1695 cuius
1998 1635 2275 1694 auxilium

297 1726 737 1803 implorandum
781 1727 869 1800 sit,
913 1727 1001 1785 ira
1042 1728 1358 1802 placanda,
1403 1727 1518 1785 alia
1558 1725 1913 1786 huiusmodi.

420 1826 618 1899 Quam
661 1826 905 1902 quidem
947 1826 1396 1902 persuasionem
1453 1825 1613 1900 apud
1654 1834 1861 1900 gentes
1909 1821 2272 1897 antiquitatis

298 1936 508 1975 revera
553 1916 838 1976 exstitisse
855 1963 868 1988 ‚
933 1926 1166 1975 constat
1207 1913 1546 1974 testimonio
1587 1924 1852 1973 veterum
1896 1911 2271 1989 scriptorum,

297 2006 399 2081 qui
442 2024 650 2065 omnes
667 2053 680 2078 ,
737 2017 801 2064 ut
841 2006 1059 2065 Cicero
1115 2016 1175 2064 et
1219 2005 1565 2065 Plutarchus
1581 2051 1595 2076 ,
1652 2021 1929 2079 expresse
1984 2012 2275 2061 testantur

295 2095 356 2152 in
398 2094 672 2155 universa
713 2106 870 2155 terra
911 2090 1223 2171 (quantum
1263 2094 1348 2154 eis
1384 2094 1627 2169 cognita
1654 2087 1800 2166 erat)
1828 2092 2057 2150 nullam
2099 2092 2275 2150 fuisse

294 2194 552 2259 gentem,
597 2184 760 2243 cuius
788 2194 1052 2244 mentem
1079 2202 1207 2243 non
1232 2184 1509 2243 imbuerit
1535 2182 1735 2257 aliqua
1762 2183 2018 2240 deorum
2046 2180 2271 2256 opinio,

295 2302 372 2313 -
415 2274 646 2333 Nostris
687 2291 832 2333 vero
874 2274 1261 2349 temporibuS,
1306 2292 1442 2332 cum
1482 2271 1757 2330 universa
1798 2280 1959 2329 terra
1984 2268 2073 2327 ita
2097 2269 2277 2328 nobis

294 2363 593 2437 patefacta
635 2364 722 2435 sit,
767 2372 831 2421 ut
873 2381 1084 2422 omnes
1124 2372 1334 2438 gentes
1377 2360 1632 2420 maiores
1674 2376 2133 2435 cognoscamus,
2178 2377 2281 2435 po-

294 2452 461 2511 sitive
489 2462 723 2511 constat
751 2453 973 2511 nullum
1004 2470 1133 2512 esse
1158 2453 1464 2528 populum,
1494 2452 1597 2525 qui
1624 2448 1915 2525 religione
1936 2458 1996 2507 et
2014 2448 2278 2523 proinde

294 2541 430 2599 idea
473 2542 672 2617 aliqua
713 2542 830 2601 Dei
872 2541 1126 2600 imbutus
1167 2559 1295 2598 non
1336 2540 1424 2599 sit.
1493 2539 1924 2613 Quaecumque
1967 2548 2176 2596 autem
2218 2538 2279 2595 in

295 2631 654 2689 contrarium
699 2632 1039 2702 afferuntur,
1097 2629 1310 2688 nullius
1358 2638 1492 2687 sunt
1531 2628 1763 2700 valoris,
1822 2627 1963 2703 quia
2004 2628 2282 2687 oriuntur

295 2738 368 2778 ex
409 2720 824 2780 observatione
882 2737 1202 2795 perperam
1261 2718 1523 2776 instituta
1582 2718 1705 2776 sive
1766 2727 2013 2793 propter
2075 2718 2281 2793 negle-

294 2809 555 2883 gentiam
623 2809 746 2868 sive
807 2820 1054 2885 propter
1122 2808 1523 2883 ignorantiam
1581 2806 1707 2866 veri
1766 2824 1971 2867 sensus
2028 2817 2281 2865 nostrae

293 2897 488 2969 thesiS,
533 2898 656 2957 sive
700 2908 948 2973 propter
988 2895 1356 2973 praeiudicia
1380 2898 1413 2954 ¹.

419 3094 436 3125 ¹
480 3098 624 3147 «Von
663 3098 762 3145 den
802 3097 1191 3161 religionslosen
1229 3096 1509 3146 Menschen
1548 3097 1641 3161 gilt
1676 3096 1757 3145 bis
1808 3096 1957 3145 heute
2015 3097 2274 3157 dasselbe‚

293 3193 396 3226 was
432 3194 532 3227 von
572 3179 671 3227 den
722 3178 1046 3242 sprachlosen
1087 3175 1341 3241 (Hiickels
1378 3174 1589 3241 Alalen)
1641 3177 1747 3225 und
1799 3176 1899 3225 den
1950 3177 2273 3226 feuerlosen:

293 3274 410 3305 man
448 3258 608 3307 findet
645 3258 716 3307 sie
752 3258 803 3306 in
839 3258 1088 3322 gewissen
1127 3258 1406 3320 Systemen,
1446 3257 1561 3306 weil
1600 3257 1673 3306 sie
1711 3244 1842 3305 eben
1878 3256 2271 3321 hineinpassen;
2349 3318 2350 3331 ἵ

293 3339 343 3386 in
382 3338 472 3385 der
508 3337 865 3386 Wirklichkeit
902 3338 1026 3386 aber
1062 3338 1174 3385 sind
1212 3339 1284 3387 sie
1332 3338 1474 3388 nicht
1526 3337 1933 3387 nachzuweisen»
1982 3334 2272 3405 (Saussaye,
2349 3332 2350 3353 ;

301 3415 847 3479 'Religionsgeschichte
883 3434 935 3481 p.
981 3413 1089 3479 13).
