2367 3850
1536 0 1583 8 '-
1609 0 1874 36 ’··ι’.·.’-η-πςῇ,,
1919 33 1924 36 ¹
1947 25 1960 38 ,ἡ

324 224 420 272 140
743 223 1256 261 ANTHROPOLOGIA.
1323 223 1458 260 PARS
1499 224 1876 262 SYNTHETICA.

312 371 603 430 bonitati¹
645 373 899 430 maxime
942 382 1236 447 repugnat
1273 383 1605 430 creaturam
1645 372 2012 430 rationalem
2055 371 2130 428 ab
2169 370 2278 445 ipso
2329 325 2332 468 i

312 459 583 518 inclinari
598 460 939 519 naturaliter
952 461 1032 518 ad
1046 471 1292 532 motum,
1315 461 1479 519 cuius
1493 462 1685 520 nullus
1705 460 1777 519 sit
1795 459 2094 519 terminus
2111 461 2278 517 realis,
2330 469 2331 472 ’

430 550 583 608 Cum
620 549 899 608 «nomine
927 549 1308 609 beatitudinis
1335 549 1712 626 intellegatur
1752 549 1967 607 ultima
2010 547 2277 624 perfectio

310 638 613 696 rationalis
642 657 744 697 seu
772 638 1183 698 intellectualis
1221 649 1500 698 naturae»
1526 639 1564 709 ²,
1609 638 1742 696 finis
1769 637 2017 696 ultimus
2045 636 2280 695 hominis
2331 644 2333 762 1

312 728 373 785 in
402 727 707 786 communi
726 727 939 786 dicitur
968 727 1148 786 etiam
1166 745 1602 804 saepenumero
1620 728 1902 786 beatitudo
1921 729 1990 784 in
2011 727 2278 784 communi.

433 817 727 876 Definitur
772 827 967 876 autem
1008 817 1290 876 beatitudo
1330 817 1659 892 generatim
1700 827 1763 876 ut
1803 816 1906 874 sit:
1971 822 2156 873 status
2192 835 2281 871 om·

310 907 466 963 nium
521 907 791 964 bonorum
830 907 1232 980 aggregatione
1261 905 1554 981 perfectus
1571 907 1609 964 ⁸.
1695 907 1766 962 In
1808 904 1911 963 tali
1957 922 2111 963 vero
2151 914 2282 961 statu

311 995 431 1054 duo
474 993 841 1072 potissimum
884 994 1255 1054 considerari
1293 1003 1568 1070 possunt:
1629 993 1758 1069 ipsa
1797 992 2158 1070 aggregatio
2197 994 2282 1051 bo-

311 1102 543 1153 norum,
586 1082 622 1142 i.
654 1101 706 1142 e.
738 1082 929 1158 ipsum
970 1084 1198 1142 bonum
1239 1084 1588 1159 perfectum,
1633 1101 1756 1158 quo
1785 1082 1918 1158 quis
1941 1084 2194 1152 beatur,
2234 1093 2280 1138 et

311 1173 602 1232 assecutio
657 1171 827 1230 huius
867 1172 1013 1230 boni
1056 1183 1114 1231 et
1154 1173 1470 1247 possessio.
1557 1173 1739 1232 Unde
1781 1172 2014 1247 duplex
2059 1189 2278 1246 quoque

310 1261 590 1336 distingui
632 1270 829 1336 potest
866 1260 1175 1320 beatitudo
1217 1280 1330 1338 pro
1373 1261 1714 1321 diversitate
1753 1261 1928 1319 huius
1975 1270 2280 1336 respectus,
2336 1282 2337 1342 χ

311 1350 617 1410 nimirum:
661 1350 967 1409 beatitudo
1008 1350 1306 1410 obiectiva
1347 1361 1406 1408 et
1445 1351 1751 1409 beatitudo
1793 1350 2149 1408 subiectiva.
2336 1345 2337 1408 l

431 1439 739 1497 Beatitudo
792 1439 1055 1498 obiectiva
1110 1439 1354 1497 dicitur:
1422 1440 1648 1497 bonum
1703 1439 2049 1514 perfectum
2067 1485 2080 1510 ,
2139 1438 2283 1496 cuius

311 1528 683 1604 possessione
728 1530 859 1604 quis
900 1530 1124 1588 beatur.

431 1617 739 1676 Beatitudo
766 1629 962 1677 autem
990 1619 1288 1676 subiectiva
1330 1618 1426 1676 vel
1455 1617 1737 1692 formalis
1777 1627 1892 1675 est:
1941 1617 2082 1694 ipsa
2123 1616 2284 1676 beati·

312 1707 508 1765 ficatio
550 1707 799 1766 subiecti
839 1708 1065 1766 bonum
1109 1706 1442 1782 perfectum
1483 1707 1858 1782 possidentis.

432 1796 663 1871 Quibus
692 1796 966 1854 omnibus
994 1796 1327 1867 declaratiS,
1367 1815 1503 1854 cum
1531 1795 1789 1855 hominis
1815 1797 2008 1854 finem
2035 1795 2282 1854 ultimum

312 1885 373 1944 in
415 1895 703 1945 concreto
746 1884 863 1945 iam
906 1885 1085 1944 simus
1133 1885 1606 1956 determinaturi‚
1660 1885 1737 1944 ad
1780 1894 2104 1961 utramque
2146 1885 2283 1943 hanc

310 1975 738 2034 beatitudinem
780 1975 1181 2047 attendenteS,
1229 1975 1428 2051 priore
1472 1976 1574 2050 qui
1617 1976 1877 2050 sequitur
1918 1976 2178 2034 articulo
2216 1974 2283 2031 in·
2339 1920 2341 2039 i

310 2064 641 2139 quiremus,
700 2064 762 2121 in
805 2082 1069 2139 quonam
1110 2065 1183 2123 sit
1223 2065 1529 2124 beatitudo
1571 2064 1828 2123 hominis
1869 2065 2177 2125 obiectiva
2213 2082 2284 2121 re·

309 2154 615 2229 ponenda,
659 2154 846 2212 altero
876 2172 1037 2225 vero,
1082 2153 1142 2212 in
1188 2172 1451 2229 quonam
1495 2154 1779 2213 consistat
1819 2154 1942 2214 eius
1990 2154 2284 2213 beatitudo

308 2242 649 2301 subiectiva.

1090 2350 1422 2399 Aarrcums
1464 2363 1498 2398 1.

598 2454 693 2503 DE
731 2453 1215 2503 BEATITUDINE
1255 2454 1638 2503 OBIECTIVA
1677 2456 2001 2507 HOMINIS.

430 2576 651 2626 Thesis.
718 2568 1026 2627 Beatitudo
1052 2570 1316 2628 obiectiva
1343 2569 1582 2627 hominis
1621 2571 1684 2627 in
1726 2570 1880 2627 nullo
1922 2570 2070 2627 bono
2111 2576 2283 2626 creato

308 2658 402 2713 vel
433 2658 612 2731 finito
667 2658 954 2714 invenitur
968 2703 986 2726 ‚
1043 2659 1146 2716 sed
1191 2661 1254 2716 in
1307 2660 1426 2717 solo
1479 2678 1691 2717 summo
1732 2659 1827 2717 vel
1859 2660 2094 2734 infinito
2136 2660 2281 2725 bona,

310 2746 465 2818 quod
496 2764 755 2803 vocamus
794 2746 1002 2803 Deum.

430 2879 622 2928 Status
662 2879 1029 2941 quaestionis.
1077 2870 1260 2929 Thesi
1289 2882 1489 2929 nostra
1519 2871 1639 2929 duo
1670 2890 1878 2929 revera
1907 2871 2280 2929 affirmamus.

439 2996 487 3033 1.
546 2978 716 3035 Parte
767 2977 927 3035 enim
971 2979 1236 3051 negativa
1277 2977 1590 3036 asserimus
1630 2978 1856 3035 nullum
1897 2978 2130 3035 bonum
2172 2974 2283 3032 fini-

309 3072 431 3120 tum
473 3065 901 3125 beatitudinem
943 3065 1201 3124 hominis
1243 3066 1602 3125 constituere
1644 3084 1837 3141 posse.

438 3239 450 3268 ¹
490 3240 569 3289 Cf.
609 3242 706 3291 vol.
746 3244 785 3303 1,
827 3244 931 3305 408
970 3252 1021 3291 et
1058 3258 1178 3305 409.

434 3316 456 3349 2
493 3322 544 3368 S.
592 3321 780 3380 Thon,
820 3324 872 3371 S.
914 3324 1067 3371 theol.
1106 3325 1146 3382 Ι,
1186 3341 1235 3387 q.
1278 3324 1361 3382 62,
1402 3340 1445 3371 a.
1493 3338 1535 3373 1.

434 3396 456 3426 ⁸
493 3398 739 3457 Boethius,
779 3401 860 3448 De
900 3403 1089 3449 consol.
1130 3402 1222 3461 111,
1265 3415 1311 3451 2.
