2367 3850
254 148 349 198 132
678 147 1170 184 ANTHROPOLOGIA.
1238 147 1374 183 'PARS
1415 147 1798 184 SYNTHETICA.

300 349 303 352 ,
369 295 491 354 Alii
551 297 711 354 enim
765 298 1131 369 generatione
1190 296 1480 352 materiali
1529 295 1649 352 hoc
1691 295 1815 354 fieri
1860 293 2225 352 contendunt

248 380 681 460 (Tertullianus,
727 377 1131 460 Apollinaris).

367 475 483 531 Alii
527 492 671 532 vero
705 475 1069 548 generatione
1108 474 1402 549 spirituali
1439 473 1698 548 quadam
1741 491 1870 530 rem
1913 470 2222 546 explicant.

249 562 360 622 Cui
388 564 716 623 sententiae
758 580 867 638 per
907 561 1151 638 aliquod
1194 573 1428 637 tempus
1469 561 1598 637 ipse
1638 562 1696 619 S.
1729 560 2095 636 Augustinus
2135 559 2224 616 ad-

247 652 451 724 haesit,
498 671 631 710 eum
660 652 762 710 tali
790 652 1063 710 doctrina
1100 650 1608 710 transmissionem
1649 649 1886 726 peccati
1928 647 2224 724 originalis

247 742 456 802 melius
498 741 790 800 declarari
830 759 1006 816 posse
1049 751 1396 799 autumaret.

368 831 485 888 Alii
517 830 739 889 deinde
778 829 1005 888 animas
1042 830 1296 888 filiorum
1339 850 1376 886 a
1406 830 1744 905 parentibus
1784 830 1974 886 creari
2013 828 2226 886 docent

251 915 812 994 (Frohschammer).

372 1009 645 1067 Rosmini
667 1009 928 1083 denique
946 1001 1256 1067 contendit
1270 1029 1307 1066 a
1320 1008 1663 1084 parentibus
1678 1007 1954 1082 generari
1975 1004 2224 1064 animam

251 1099 554 1174 quandam
600 1098 938 1157 sensitivam
958 1144 970 1168 ‚
1030 1116 1183 1173 quae
1233 1097 1453 1157 deinde
1496 1117 1533 1154 a
1575 1099 1710 1155 Deo
1752 1114 1862 1172 per
1903 1095 2222 1170 manifesta·

251 1190 454 1246 tionem
496 1188 651 1246 ideae
692 1190 833 1245 entis
873 1187 936 1244 in
979 1187 1241 1244 animam
1283 1185 1644 1262 spiritualem
1685 1195 2122 1244 transmutetur.

378 1295 429 1350 3.
468 1276 916 1334 Creatianismus
941 1278 1035 1334 vel
1066 1275 1359 1335 sententia
1385 1275 1536 1334 thesi
1579 1285 1782 1334 nostra
1823 1292 2005 1350 supra
2045 1273 2224 1330 decla-

256 1375 399 1424 rata.
472 1365 645 1439 Quae
676 1365 921 1441 quidem
963 1365 1452 1424 scholasticorum
1481 1365 1755 1423 doctrina
1788 1363 2056 1422 unanimi
2096 1363 2222 1419 doc·

254 1463 449 1512 torum
480 1473 774 1514 consensu
803 1455 885 1513 ita
925 1464 1013 1512 est
1054 1456 1300 1525 firmata,
1346 1464 1408 1511 ut
1447 1471 1628 1512 nemo
1670 1452 2002 1511 catholicus
2043 1452 2116 1509 de
2157 1468 2221 1508 ea

254 1553 377 1601 tuta
417 1543 786 1602 conscientia
826 1543 1013 1619 possit
1054 1543 1344 1603 dubitare.

374 1693 578 1742 Thesis
633 1693 909 1756 probatio.
1000 1685 1133 1752 (Ex
1186 1684 1594 1758 spiritualitate
1651 1683 1923 1749 animae.)
2017 1682 2218 1739 Anima

256 1772 515 1830 humana
541 1773 722 1830 habet
750 1791 863 1830 esse
898 1782 957 1830 et
986 1773 1242 1848 proinde
1271 1772 1429 1846 effici
1451 1771 1869 1847 independens
1898 1790 1933 1828 a
1971 1769 2216 1828 materia.

262 1861 499 1918 Etenim
562 1879 733 1920 «cum
789 1861 916 1919 fieri
972 1861 1044 1920 sit
1097 1862 1193 1919 via
1249 1861 1326 1919 ad
1373 1879 1532 1933 esse,
1591 1862 1674 1918 sic
1735 1859 1911 1919 alicui
1954 1858 2220 1934 competit

257 1949 401 2020 fieri,
448 1950 596 2008 sicut
638 1951 692 2009 ei
735 1952 1022 2027 competit
1064 1969 1229 2010 esse»
1265 1954 1296 2009 ¹.

375 2044 558 2121 Atqui
603 2047 727 2105 eius
769 2048 927 2123 effici
963 2048 1380 2124 independens
1423 2069 1459 2106 a
1499 2048 1746 2107 materia
1786 2047 2073 2122 explicari
2108 2062 2218 2102 non

257 2145 453 2210 potest
492 2136 605 2194 nisi
648 2136 949 2199 creatione
993 2137 1337 2195 immediata
1377 2157 1412 2195 a
1452 2138 1607 2195 De0.
1691 2136 1962 2194 Etenim:

383 2253 431 2290 1.
464 2233 806 2292 Absurdum
836 2244 923 2292 est
943 2244 1199 2308 systema
1217 2232 1605 2304 emanatismi‚
1639 2251 1773 2290 cum
1794 2234 1994 2291 Deum
2014 2230 2218 2289 infinite

258 2321 587 2397 perfectum
609 2340 738 2381 sese
757 2322 1005 2381 dividere
1034 2324 1131 2381 vel
1155 2339 1286 2381 sese
1301 2323 1552 2380 evolvere
1568 2332 1793 2397 pugnet
1807 2322 1869 2379 in
1885 2329 2172 2395 conceptu
2185 2317 2216 2375 ².

383 2430 432 2469 2.
460 2412 767 2470 Absurdus
782 2410 1289 2482 traducianismuS,
1309 2428 1688 2486 quocumque
1705 2412 1889 2470 modo
1907 2410 2218 2486 exponitur.

380 2499 580 2558 Primo
610 2501 770 2558 enirn
800 2510 1090 2575 repugnat
1110 2502 1406 2573 generatio
1447 2500 1760 2557 materialis
1800 2499 2036 2557 animae
2075 2495 2220 2572 spiri-

259 2588 459 2661 tualis,
524 2609 660 2647 curn
715 2588 1022 2665 generatio
1082 2589 1400 2647 materialis
1455 2590 1528 2647 sit
1557 2588 1822 2656 ¹eductio
1878 2589 2100 2645 formae
2157 2604 2220 2643 ex

259 2679 525 2753 potentia
566 2678 865 2737 materiae.

379 2768 700 2841 Repugnat
728 2767 946 2825 deinde
981 2769 1278 2841 generatio
1315 2768 1632 2842 spiritualis
1675 2766 2218 2841 quomodocumque

260 2856 607 2931 concipitur.
681 2856 895 2929 Neque
939 2856 1099 2914 enim
1135 2863 1360 2931 partem
1404 2855 1638 2913 animae
1682 2864 1994 2931 parentum
2033 2868 2216 2925 neque

263 2953 447 3002 totam
502 2946 659 3002 hanc
704 2944 961 3002 animam
1003 2944 1134 3001 filiis
1176 2945 1488 3002 transmitti
1530 2944 1919 3019 generatione
1962 2942 2055 2999 illa
2093 2957 2218 2996 con·

262 3032 380 3107 cipi
421 3044 630 3109 potest.

390 3242 403 3272 ¹
444 3246 493 3292 S.
544 3246 733 3302 Thom„
776 3247 823 3292 S.
866 3246 1019 3293 theol.
1063 3246 1100 3304 1,
1143 3262 1190 3309 q.
1235 3258 1316 3304 90,
1357 3263 1400 3293 a.
1445 3258 1490 3292 2.

386 3320 407 3350 ²
447 3323 746 3369 Pantheismi
786 3325 989 3370 uberior
1026 3325 1256 3371 refutatio
1296 3324 1377 3370 fiet
1417 3325 1466 3371 in
1508 3323 1770 3385 theologia
1807 3324 2038 3373 naturali.
