2367 3850
533 2 708 36 „Urs-‘315¹'
717 3 740 15 τυ,
759 2 762 7 -
777 5 782 12 =

613 187 690 224 DE
730 187 997 225 INFINITA
1037 188 1137 224 DEI
1178 187 1585 224 PERFECTIONE.
1990 189 2084 238 193

234 335 512 393 Dicendo
557 337 757 394 Deum
811 354 941 395 esse
997 336 1225 396 infinite
1281 337 1612 413 perfectum
1668 337 2086 396 contendimus

109 424 316 497 ipsum
368 442 490 483 esse
545 425 814 499 absolute
881 427 1215 501 perfectum
1232 472 1246 498 ,
1310 444 1407 484 ens
1468 426 1671 483 scilicet
1720 427 1874 501 quod
1922 426 2092 484 habet

109 521 246 569 actu
291 514 655 572 omnimodam
694 515 1099 590 plenitudinem
1145 517 1289 573 entis
1329 527 1439 574 sub
1478 524 1637 574 omni
1672 533 1951 588 respectu,
2008 515 2087 572 ita

110 611 173 658 ut
217 603 435 674 maius,
491 602 528 661 i.
573 621 626 662 e.
680 603 1050 679 perfectione
1109 604 1375 680 qualibet
1430 605 1779 680 perfectius,
1838 603 2085 680 cogitari

109 702 390 766 nequeat.

238 860 436 909 'rhesis
473 861 742 922 probatio.
815 854 858 910 Ι.
904 853 1102 910 Deum
1146 869 1275 910 esse
1323 851 1549 910 infinite
1592 853 1923 928 perfectum
1969 851 2087 910 iam

109 940 376 996 indirecte
417 940 800 1010 ostendimuS,
845 958 981 998 cum
1011 957 1118 999 ens
1145 941 1374 999 finitum
1400 940 1934 1000 demonstravimus
1962 959 2085 999 non

110 1046 294 1102 posse
345 1047 474 1086 esse
529 1049 565 1086 a
621 1048 684 1087 se
715 1033 746 1087 ¹.
845 1028 1091 1088 Maioris
1145 1048 1291 1088 vero
1352 1029 1631 1088 claritatis
1690 1048 1867 1089 causa
1922 1048 2088 1105 argu-

109 1128 379 1174 mentum
422 1117 567 1175 illud
610 1118 694 1176 sic
738 1118 1075 1177 resumitur:

237 1214 474 1273 Nullum
517 1233 625 1274 ens
669 1215 894 1274 finitum
936 1227 1134 1292 potest
1174 1235 1304 1275 esse
1347 1236 1383 1274 a
1424 1233 1505 1276 se.

240 1304 418 1379 Atqui
461 1305 626 1362 Deus
670 1315 758 1362 est
798 1322 904 1363 ens
947 1325 982 1363 a
1023 1324 1104 1364 se.

241 1394 396 1468 Ergo
438 1394 606 1453 Deus
647 1411 772 1452 non
813 1405 903 1453 est
943 1413 1050 1452 ens
1091 1394 1337 1453 finitum.

239 1483 352 1540 Sed
395 1500 504 1541 ens
545 1492 684 1541 actu
725 1483 1028 1556 exsistenS,
1077 1483 1243 1559 quod
1286 1501 1409 1541 non
1452 1494 1540 1543 est
1582 1484 1826 1556 finitum,
1876 1495 1964 1542 est
2005 1484 2088 1542 in-

310 1571 576 1646 finitum3
619 1589 743 1629 non
786 1572 947 1631 enim
991 1572 1163 1630 datur
1205 1571 1485 1631 medium.

235 1671 398 1744 Ergo
440 1671 607 1727 Deus
646 1681 735 1727 est
777 1687 883 1727 ens
926 1669 1235 1728 infinitum.

235 1782 306 1840 II.
354 1782 592 1839 Directe
632 1801 777 1842 vero
819 1783 936 1841 hoc
979 1781 1138 1841 idem
1181 1782 1265 1841 sic
1308 1784 1622 1859 probatur:

230 1888 398 1949 Deus
438 1897 523 1949 est
560 1908 657 1949 ens
697 1911 736 1949 a
775 1909 845 1949 se.

225 2005 413 2080 Atqui
461 2023 559 2063 ens
613 2025 651 2062 a
694 2023 752 2062 se
805 2012 888 2063 est
928 2015 1115 2077 ipsum
1155 2028 1286 2064 esse
1325 2014 1664 2073 subsistens,
1717 2004 1751 2063 i.
1798 2024 1848 2063 e.
1895 2005 2085 2081 ipsum

113 2109 239 2151 esse
282 2104 420 2151 actu
463 2095 748 2153 exsistens
789 2112 899 2170 per
935 2111 1015 2153 se.
1088 2094 1245 2151 Nam
1288 2095 1348 2152 in
1391 2104 1528 2152 ente
1570 2112 1606 2151 a
1634 2110 1715 2165 se,
1760 2112 1893 2151 cum
1924 2113 2087 2152 nurn-

113 2200 288 2255 quam
333 2183 410 2242 de
440 2183 711 2257 potentia
740 2182 1058 2242 exsistendi
1088 2183 1166 2241 ad
1195 2192 1390 2241 actum
1420 2181 1736 2242 exsistendi
1777 2183 2085 2253 transierit,

113 2272 214 2330 sed
257 2274 600 2331 necessario
645 2285 780 2332 actu
821 2272 1075 2343 exsistat,
1118 2290 1245 2330 non
1286 2281 1482 2348 potest
1522 2272 1802 2346 distingui
1834 2272 2088 2331 essentia

114 2360 408 2433 possibilis
424 2408 438 2433 ,
502 2379 658 2436 quae
721 2362 1060 2421 exsistentia
1114 2361 1329 2419 actuali
1388 2359 1612 2419 donata
1665 2362 1767 2434 sit,
1829 2362 1936 2419 sed
1996 2379 2088 2420 ex-

111 2450 373 2508 sistentia
429 2452 671 2509 actualis
726 2452 984 2527 pertinet
1039 2450 1117 2508 ad
1172 2450 1364 2526 ipsam
1408 2450 1742 2509 essentiam.
1824 2450 2086 2508 Proinde

110 2556 179 2596 ne
223 2549 431 2597 mente
474 2540 718 2615 quidem
763 2558 899 2599 cum
930 2538 1320 2598 fundamento
1351 2541 1619 2615 perfecto
1663 2539 1723 2596 in
1758 2557 1821 2597 re
1865 2540 1927 2597 in
1955 2540 2085 2614 ipso

109 2626 389 2703 distingui
445 2639 644 2704 potest
697 2630 952 2689 essentia
1007 2638 1066 2687 et
1120 2628 1460 2687 exsistentia
1478 2628 1517 2687 ².
1614 2626 1733 2687 Sed
1790 2646 1897 2687 ens
1952 2639 2085 2686 actu

111 2716 394 2775 exsistens
410 2763 424 2789 ,
483 2717 545 2775 in
589 2737 710 2794 quo
768 2719 854 2777 sic
909 2737 986 2778 ne
1029 2727 1231 2777 mente
1274 2717 1516 2793 quidem
1574 2716 1850 2792 distingui
1893 2728 2087 2793 potest

111 2806 366 2863 essentia
406 2818 466 2865 et
507 2806 876 2881 exsistentia,
932 2817 1020 2867 est
1075 2826 1181 2866 ens
1232 2807 1293 2865 in
1338 2824 1458 2882 quo
1499 2806 1661 2865 idem
1704 2817 1792 2865 est
1832 2807 2087 2865 essentia

108 2906 162 2952 et
201 2894 486 2954 exsistere
505 2941 518 2966 ‚
579 2914 675 2953 ens
716 2898 870 2953 cuius
911 2915 1022 2955 esse
1061 2903 1144 2954 est
1181 2904 1307 2953 actu
1349 2898 1613 2953 exsistere
1627 2941 1645 2965 ,
1701 2896 1782 2954 ita
1824 2907 1884 2954 ut
1925 2896 2086 2954 nulla

110 2984 216 3041 alia
271 2983 400 3043 eius
458 2985 726 3044 definitio
783 2984 1108 3045 essentialis
1162 2985 1317 3043 tradi
1374 2984 1558 3061 possit
1599 2986 1709 3043 nisi
1751 2985 1879 3042 illa:
1945 2995 2085 3058 «Qui

109 3089 242 3131 est».
349 3074 498 3133 Tale
559 3084 758 3133 autem
829 3092 936 3133 ens
1006 3084 1094 3133 est
1155 3074 1348 3150 ipsum
1409 3092 1539 3133 esse
1608 3083 1742 3131 actu
1802 3074 2086 3133 exsistens

111 3178 212 3235 per
256 3180 340 3221 se.

236 3372 252 3404 ¹
292 3375 372 3424 Cf.
413 3377 512 3425 vol.
553 3377 590 3435 1,
631 3377 752 3437 408.
900 3374 922 3406 ²
960 3377 1071 3425 Vol.
1112 3377 1150 3436 Ι,
1194 3385 1292 3438 235
1334 3390 1443 3439 sqq.

217 3468 603 3519 Reinstadler,
637 3468 773 3509 Elem.
806 3469 964 3520 philos.
998 3468 1133 3507 schol.
1181 3468 1236 3507 11.
1701 3473 1763 3522 13
