2367 3850
1576 1 1634 22 Γ
1659 0 2344 53 -ἮἪΜῚ

289 219 392 270 242
915 219 1247 258 ’rammam
1286 219 1629 258 ria-ronam&

283 387 418 428 suas
459 371 520 427 in
563 368 847 429 creaturis
887 370 1356 428 manifestandas
1396 387 1507 446 per
1548 369 2066 444 participationem
2090 369 2226 428 boni·

283 458 418 516 tatis
457 477 600 517 suae
641 459 972 517 secundum
1013 457 1477 517 similitudinem.

403 548 578 621 Quae
619 547 859 607 divinae
899 546 1289 624 perfectionis
1324 547 1386 604 in
1415 547 1699 605 creaturis
1728 545 2118 605 manifestatio
2142 564 2231 622 per

281 637 562 694 bonitatis
617 637 800 712 ipsius
851 637 1375 713 participationem
1428 636 1757 695 secundum
1819 635 2229 694 similitudinem

281 726 498 785 dicitur
553 728 748 800 gloria
799 727 926 784 Dei
989 733 1261 795 externa,
1324 736 1390 784 ut
1442 735 1783 801 opponatur
1852 723 2075 800 gloriae
2132 726 2231 782 Dei

281 817 571 884 internae,
627 833 784 890 quae
839 827 930 874 est
981 815 1219 874 bonitas
1268 814 1472 872 divina
1487 859 1501 885 ,
1560 823 1737 889 prout
1777 812 1843 870 in
1882 813 2013 888 ipsa
2052 824 2234 872 natura

281 903 488 962 divina
537 903 964 962 manifestatur.
1045 905 1156 962 Est
1208 903 1373 962 enim
1418 905 1614 977 gloria
1669 903 2032 978 generatim:
2098 904 2236 959 clara

281 1011 402 1050 cum
456 993 624 1050 laude
671 995 876 1050 notitia
903 994 922 1024 ¹
975 993 1070 1052 vel
1125 992 1395 1068 cognitio
1450 1001 1511 1051 et
1562 992 1929 1064 aestimatiO,
1986 1009 2133 1067 quae
2170 992 2235 1050 de

283 1083 488 1155 aliquo
527 1081 796 1152 habetur,
839 1080 1095 1140 maxime
1135 1082 1186 1139 si
1230 1091 1319 1140 est
1359 1081 1520 1157 apud
1561 1082 1777 1140 multos
1800 1082 1840 1139 ².

403 1170 670 1229 Breviter
709 1171 966 1245 proinde
1007 1188 1461 1245 nonnumquam
1500 1168 1743 1228 dicitur:
1787 1171 1957 1227 Deus
1996 1170 2239 1228 mundum

283 1262 499 1316 creavit
535 1261 620 1318 ad
646 1261 899 1332 gloriam
941 1279 1120 1318 suam.

402 1348 614 1407 Thesis
640 1360 846 1408 nostra
871 1349 1210 1408 declaratur
1238 1349 1436 1407 verbis
1463 1347 1607 1424 ipsis
1636 1347 1897 1406 Concilii
1925 1347 2187 1406 Vaticani
2204 1348 2237 1416 ³,

283 1437 450 1511 quod
489 1437 826 1495 doctrinam
869 1457 1038 1497 suam
1076 1438 1197 1495 hoc
1238 1456 1475 1496 canone
1519 1438 1740 1496 sanxit:
1791 1437 1891 1494 «Si
1933 1438 2061 1511 quis
2094 1456 2241 1494 mun·

283 1525 426 1584 dum
495 1527 572 1585 ad
631 1527 748 1584 Dei
816 1526 1068 1602 gloriam
1137 1526 1447 1584 conditum
1518 1543 1649 1584 esse
1716 1526 2054 1600 negaverit:
2122 1545 2241 1583 ana-

282 1615 484 1672 thema
526 1615 654 1673 sit.»

402 1747 608 1796 'rhesis
643 1748 922 1810 probatio.
999 1759 1023 1796 1
1036 1786 1048 1797 .
1103 1739 1236 1816 Ipse
1275 1739 1441 1796 Deus
1454 1785 1473 1808 ‚
1534 1757 1633 1796 nec
1670 1740 1842 1797 aliud
1887 1757 1983 1796 ens
2024 1745 2241 1814 praeter

283 1828 491 1901 ipsum,
553 1835 635 1884 est
666 1828 816 1903 finis
869 1828 1116 1885 absolute
1167 1829 1401 1885 ultimus
1454 1829 1767 1886 creationis.
1854 1828 2123 1901 Sequitur
2176 1845 2238 1884 ex

285 1916 554 1990 perfecta
594 1915 712 1975 Dei
753 1916 1227 1992 independentia
1267 1937 1305 1975 a
1344 1928 1577 1976 motore
1619 1935 2019 1992 quocumque.
2095 1918 2238 1975 Deus

285 2006 463 2076 enim,
507 2005 556 2063 si
597 2006 804 2064 ultimo
847 2018 1095 2082 propter
1135 2025 1244 2065 ens
1286 2007 1448 2065 aliud
1488 2027 1561 2065 ac
1590 2008 1719 2083 ipse
1746 2015 1995 2077 crearet,
2038 2008 2111 2064 ab
2136 2007 2238 2063 hoc

285 2104 423 2152 ente
465 2106 833 2166 moveretur,
890 2097 1100 2153 saltem
1139 2106 1205 2153 ut
1244 2114 1283 2153 a
1332 2115 1512 2154 causa
1566 2095 1925 2155 inclinante:
1982 2096 2138 2172 quod
2186 2094 2237 2150 in

285 2193 423 2241 ente
466 2204 502 2240 a
543 2202 640 2255 se,
685 2184 913 2243 infinite
955 2185 1261 2260 perfecto,
1304 2184 1597 2243 immobili
1641 2185 1922 2256 omninO,
1967 2202 2093 2243 esse
2130 2201 2237 2240 non

285 2282 502 2347 potest.

411 2382 462 2418 2.
517 2362 688 2419 Finis
727 2362 823 2419 ille
862 2364 922 2419 in
966 2363 1098 2419 Deo
1137 2382 1251 2421 non
1279 2370 1471 2439 potest
1508 2382 1621 2421 esse
1661 2364 1945 2421 beatitudo
1986 2360 2239 2436 augenda,

285 2450 379 2508 vel
439 2449 600 2508 aliud
661 2450 983 2527 quicquam
1045 2452 1499 2527 acquirendum.
1587 2452 1755 2511 Entis
1819 2452 1981 2511 enim
2040 2451 2242 2508 infinite

286 2539 537 2614 perfecti
589 2539 898 2599 beatitudo
952 2541 1048 2599 vel
1103 2541 1397 2617 perfectio
1452 2540 1659 2617 augeri
1718 2543 1839 2599 ullo
1896 2542 2082 2600 modo
2134 2558 2243 2597 non

289 2638 503 2703 potest.

407 2736 461 2790 3.
520 2718 862 2775 Dicendum
919 2729 1007 2777 est
1067 2720 1355 2793 proinde:
1416 2720 1586 2777 Finis
1644 2721 1875 2778 ultimus
1934 2720 2131 2777 mundi
2181 2722 2251 2774 est
2338 2744 2340 2781 ;

274 2806 645 2880 perfectionis
683 2808 810 2863 Dei
845 2809 906 2864 in
948 2810 1226 2866 creaturis
1252 2809 1643 2883 manifestatio
1658 2818 1773 2885 per
1799 2810 2066 2867 bonitatis
2091 2808 2248 2884 ipsius

273 2897 768 2970 participationem
807 2896 1103 2953 secundum
1143 2898 1577 2955 similitudinem.
1638 2898 1834 2955 Causa
1870 2898 2035 2956 enim
2060 2896 2247 2955 ultima

287 2984 476 3042 finalis
518 2984 741 3056 mundi,
787 3003 922 3042 cum
964 2984 1026 3042 in
1069 2987 1201 3061 ipso
1245 2989 1381 3045 Deo
1416 2986 1488 3044 sit
1516 2987 1889 3063 reponenda,
1932 3006 2048 3046 nec
2076 2984 2243 3062 possit

411 3161 425 3192 ¹
467 3164 518 3212 S.
568 3164 756 3222 Thom„
796 3164 846 3212 S.
887 3163 1042 3213 theol.
1080 3165 1145 3223 II,
1185 3164 1253 3225 ΙΙ,
1294 3182 1341 3230 q.
1388 3178 1503 3228 103,
1544 3182 1587 3215 a.
1636 3179 1656 3214 1
1700 3166 1765 3214 ad
1806 3178 1853 3228 3.

406 3240 428 3272 ²
465 3244 546 3291 De
598 3244 804 3292 diversis
855 3244 1046 3307 gloriae
1095 3245 1364 3307 speciebus
1414 3246 1532 3295 vide
1584 3248 1853 3296 Hontheim
1897 3247 1931 3295 1.
1971 3263 2015 3296 c.
2066 3263 2114 3310 p.
2154 3245 2241 3305 760

285 3323 366 3368 vel
405 3322 602 3369 Lessius
638 3322 670 3369 l.
709 3338 754 3370 c.
794 3324 826 3370 l.
865 3324 1004 3382 XIV,
1046 3339 1090 3370 c.
1137 3336 1179 3381 1,
1222 3340 1271 3371 n.
1316 3336 1366 3384 7.

410 3397 430 3427 ³
469 3399 546 3445 Cf.
586 3415 738 3460 supra
774 3415 824 3460 p.
871 3413 987 3453 101.
