2367 3850
513 224 589 260 DE
626 224 1086 261 OPERATIONIBUS·
1115 224 1288 261 VITAE
1328 225 1745 262 VEGETATIVAE.
2050 225 2109 274 1⁷

122 371 330 429 activo
375 361 732 449 procedant,
777 373 886 430 hae
927 391 1072 431 vero
1103 372 1175 430 'in
1216 374 1600 431 mineralibus
1629 373 1919 432 eiusmodi
1962 373 2115 449 prin-

121 460 362 536 cipium
403 479 530 518 non
573 461 852 519 habeant.
925 461 1153 520 Scimus
1198 461 1355 520 enim
1400 480 1473 520 ex
1516 462 1885 538 cosmologia
1914 463 2115 521 omnia

123 568 401 625 corpora
443 551 538 608 vel
581 550 710 625 ipsa
765 549 1075 608 mineralia
1117 570 1259 609 vera
1313 550 1424 608 frui
1472 551 1769 610 activitate
1810 551 2055 627 physica
2082 553 2113 610 ¹.

122 638 447 697 Invenitur
506 657 650 697 vero
691 639 843 698 haec
897 638 1234 698 differentia
1289 641 1350 696 in
1407 658 1501 712 e0,
1560 641 1726 714 quod
1780 640 2115 716 vegetantia

123 738 272 785 sunt
292 728 658 804 principium
678 728 1092 803 operationum
1113 729 1556 798 immanentium,
1588 748 1723 788 cum
1743 729 2115 789 mineralium

124 818 233 876 vel
277 835 607 893 corporum
647 819 954 876 brutorum
997 818 1377 893 operationes
1420 819 1538 877 sint
1578 825 1946 878 transeuntes.

255 907 430 980 Ergo
471 909 820 983 operationes
858 909 1204 980 vegetativae
1244 927 1282 964 a
1310 909 1669 966 mineralium
1704 909 2118 984 operationibus

117 1006 405 1068 specifice
445 1005 706 1054 differunt
743 1014 821 1066 60,
864 997 1020 1071 quod
1052 1005 1189 1054 sunt
1224 999 1575 1073 operationes
1616 1007 1993 1056 immanentes
2010 1004 2048 1057 ¹.

256 1087 436 1159 Quae
481 1085 725 1160 quidem
768 1086 1170 1158 immanentia,
1218 1105 1353 1144 curn
1383 1085 1651 1144 diversos
1679 1085 1949 1145 admittat
1989 1105 2118 1162 per-

120 1175 418 1233 fectionis
447 1175 684 1248 gradu5‚
729 1185 872 1232 nota
898 1177 963 1233 fit
995 1177 1259 1248 generim
1292 1175 1560 1233 omnium
1600 1177 1920 1233 viventium.
1992 1177 2119 1233 Vita

123 1263 304 1322 enim
334 1263 670 1338 generatim
699 1263 975 1323 definitur
1010 1273 1072 1322 ut
1101 1263 1197 1322 sit:
1243 1265 1511 1339 operatio,
1556 1283 1670 1337 qua
1697 1282 1793 1321 ens
1818 1267 1913 1322 sui
1945 1266 2120 1340 ipsius

119 1360 288 1410 motu
333 1352 528 1411 tendit
569 1351 648 1410 ad
690 1352 1032 1410 ulteriorem
1073 1352 1161 1411 sui
1204 1352 1385 1428 ipsius
1423 1352 1822 1428 perfectionem
1864 1355 1957 1411 vel
1999 1357 2122 1426 agit

117 1438 528 1500 immanenter.
575 1442 747 1514 Quae
778 1451 866 1500 est
893 1440 1161 1500 definitio
1180 1443 1339 1500 vitae
1357 1443 1418 1499 in
1437 1449 1564 1499 actu
1582 1443 1833 1511 secundo,
1863 1444 1958 1500 vel
1979 1462 2119 1517 qua·

120 1541 310 1588 tenus
340 1540 432 1588 est
459 1532 712 1605 operatio
738 1531 946 1588 vitalis.
991 1531 1355 1606 Principium
1385 1549 1529 1590 vero
1556 1531 1726 1588 huius
1756 1532 2119 1606 operationis

121 1620 330 1677 vitalis
362 1619 576 1677 dicitur
605 1619 724 1677 vita
749 1621 811 1677 in
839 1627 968 1676 actu
984 1621 1194 1696 primo.
1239 1617 1473 1678 Diversi
1502 1630 1700 1678 autem
1728 1620 1882 1677 vitae
1901 1620 2119 1695 gradus

124 1709 251 1766 hac
292 1709 432 1783 ipsa
473 1709 673 1783 priore
715 1708 884 1767 huius
924 1718 1205 1766 tractatus
1246 1719 1414 1784 parte
1456 1717 1592 1766 sunt
1634 1709 1980 1767 declarandi
1999 1710 2035 1768 ⁸.

645 1870 681 1938 ξ
720 1886 767 1921 2.
832 1872 1203 1922 Definitiones
1242 1873 1607 1922 declarantur.

204 1982 208 1985 ’
261 1987 500 2059 Quibus
557 1988 833 2046 omnibus
889 1987 1247 2063 perspectiS,
1304 1986 1460 2046 vitae
1500 1987 1871 2063 vegetativae
1914 2005 2118 2063 opera·

131 2075 334 2134 tiones
379 2075 498 2133 iam
541 2076 776 2134 definiri
818 2086 1065 2152 possunt
1105 2086 1167 2134 ut
1209 2076 1353 2134 sint:

267 2185 317 2223 1.
350 2164 640 2234 Nutritio,
672 2167 942 2241 operatio
972 2167 1322 2235 immanenS,
1355 2184 1473 2241 qua
1502 2184 1609 2225 ens
1628 2166 1834 2224 vivens
1863 2168 2119 2225 alienam

137 2254 532 2312 substantiam
579 2254 640 2312 in
684 2254 993 2331 propriam
1035 2255 1330 2313 convertit
1384 2255 1461 2313 ad
1518 2255 1707 2331 ipsam
1764 2274 2119 2313 conservan-

137 2343 282 2401 dam
323 2344 421 2401 vel
463 2343 542 2402 ad
585 2354 782 2419 partes
825 2344 1168 2421 deperditas
1212 2345 1641 2403 restaurandas,

266 2454 318 2490 2.
364 2432 787 2505 Augmentatio‚
832 2432 1104 2509 operatio
1134 2432 1483 2504 immanenS,
1530 2452 1649 2509 qua
1677 2452 1784 2492 ens
1812 2433 2017 2492 vivens
2048 2452 2119 2491 ex

141 2520 429 2579 alimento
473 2521 905 2597 intussuseepto
949 2520 1214 2582 debitam
1256 2522 1366 2579 sibi
1410 2523 1797 2600 quantitatem
1850 2523 2116 2597 acquirit.

268 2630 321 2683 3.
371 2608 707 2679 Generatio‚
767 2611 1037 2687 operatio
1079 2611 1429 2682 immanenS,
1489 2629 1605 2686 qua
1649 2630 1755 2669 ens
1810 2612 2014 2669 vivens
2057 2631 2119 2671 se

145 2700 338 2773 ipsum
379 2709 691 2775 propagat,
736 2700 772 2757 i.
805 2719 856 2759 e.
889 2719 961 2759 ex
990 2701 1233 2775 propria
1274 2700 1598 2758 substantia
1640 2700 1915 2775 producit
1943 2702 2119 2758 aliam

145 2788 533 2847 substantiam
575 2799 786 2847 natura
827 2790 1096 2848 similem.
1526 2844 1529 2847 ,

273 2876 440 2949 Quae
486 2878 728 2953 quidem
771 2888 861 2937 est
901 2878 1166 2937 definitio
1210 2879 1610 2953 generationis
1651 2888 1828 2954 prout
1866 2889 1953 2937 est
1981 2897 2127 2954 ope·

149 2964 332 3023 ratio:
357 2966 684 3041 ‚generatio
742 2966 803 3023 in
859 2985 1036 3026 sensu
1085 2966 1316 3041 activ03
1372 2966 1433 3023 in
1476 2984 1650 3025 sensu
1698 2985 1840 3025 vero
1883 2967 2117 3043 passivo

282 3158 298 3189 ¹
333 3162 406 3210 Cf.
446 3161 546 3210 vol.
587 3162 626 3222 Ι,
669 3162 787 3225 356.

279 3237 298 3269 ²
337 3243 438 3292 «Ce
475 3242 561 3307 qui
599 3243 771 3291 donne
809 3258 870 3290 au
907 3251 1230 3292 mouvement
1266 3243 1386 3291 vital
1425 3259 1517 3289 son
1554 3242 1803 3290 caractere
1828 3242 2117 3307 specifique,

155 3320 286 3370 c'est
317 3320 430 3385 qu’il
466 3330 541 3371 est
577 3326 879 3372 immanem»
923 3320 1160 3387 (Mercier
1195 3322 1226 3370 1.
1270 3338 1311 3371 c.
1351 3340 1399 3386 p.
1441 3319 1547 3381 42).

284 3399 302 3429 ³
337 3401 408 3450 Cf.
447 3403 664 3453 llffercier
697 3402 730 3451 1.
771 3419 814 3451 c.
854 3419 904 3465 p.
951 3414 1030 3465 50.

274 3492 635 3543 Reiustadler,
672 3495 810 3534 Elem.
840 3494 995 3543 philos.
1028 3492 1161 3532 schol.
1210 3492 1263 3532 ΙΙ.
1770 3495 1796 3527 2
