2367 3850
0 11 1374 177 ww·
1479 11 1611 42 *w-

0 191 27 499 t
390 221 537 256 VERA
574 221 748 264 CIRCA
786 222 1194 260 PROPRIETATIS
1235 223 1522 260 ORIGINEM
1562 223 1903 260 SENTENTIA.
2029 223 2132 274 329

292 379 571 428 Probatur.
649 371 695 429 I.
758 371 865 428 Ex
922 373 1047 428 iure
1104 373 1304 430 utendi
1355 372 1520 430 rebus
1573 373 1836 430 externis.
1931 372 2137 429 Homo

156 457 330 514 enim
372 476 409 514 a
452 468 663 517 natura
716 460 898 518 habet
938 459 1026 518 ius
1082 462 1290 520 utendi
1336 461 1512 520 rebus
1554 459 1812 520 externis
1866 460 1930 518 in
1971 479 2136 519 suam

8 619 11 622 ἦ
150 544 483 604 utilitatem.
564 547 690 606 Res
730 548 895 607 enim
935 549 1267 622 inferioreS,
1326 549 1697 608 irrationales
1742 549 1986 621 scilicet,
2031 549 2137 608 sci·

0 580 13 762 ἰ
152 652 293 691 mus
340 655 375 692 a
427 645 641 694 natura
698 636 1001 696 ordinatas
1055 657 1185 698 esse
1202 685 1217 712 ,
1274 651 1338 698 ut
1390 638 1620 697 homini
1675 639 1999 697 inserviant
2059 637 2137 698 ad

156 723 344 781 finem
396 743 567 783 suum
608 725 877 784 ultimum
918 727 1378 803 assequendum.

282 813 398 873 Sed
438 813 559 873 hoc
600 814 726 874 iure
767 814 951 875 homo
993 816 1272 876 ordinate
1327 827 1387 878 et
1426 817 1678 893 pacifice
1721 816 1802 875 uti
1843 835 1969 874 non
2011 827 2140 892 pot·

0 851 11 1035 ι
154 911 267 973 est,
306 901 418 961 nisi
460 903 706 963 cuilibet
744 903 836 964 ius
876 904 1162 964 tribuatur
1203 905 1456 965 dominii
1496 905 1728 982 privati.
1799 905 2072 965 Etenim:

286 1020 331 1059 1.
375 1002 603 1061 Saltem
631 1003 720 1062 ius
749 1003 966 1079 cuique
1006 1004 1390 1064 tribuendum
1419 1015 1510 1062 est
1536 1004 1866 1062 excludendi
1903 1013 2138 1062 ceteros

156 1089 241 1146 ab
276 1107 379 1148 usu
420 1109 640 1164 rerum,
686 1091 899 1167 quibus
938 1093 1033 1151 hic
1068 1100 1123 1150 et
1161 1111 1312 1152 nunc
1348 1093 1578 1166 indiget,
1637 1092 1905 1167 alioquin
1946 1091 2140 1150 nullus

156 1177 268 1236 erit
306 1179 479 1252 ordo,
522 1182 685 1239 nulla
724 1180 981 1241 societas
1020 1182 1267 1242 homine
1309 1183 1496 1258 digna
1537 1181 1649 1240 erit
1687 1179 2008 1257 possibilis

278 1295 330 1334 2.
374 1279 694 1338 Praeterea
728 1280 945 1338 «homo
972 1299 1101 1338 non
1128 1281 1322 1339 solum
1349 1279 1780 1356 praesentibuS,
1824 1278 1932 1338 sed
1961 1277 2138 1336 etiam

143 1363 376 1437 futuris
415 1367 868 1427 necessitatibus
909 1369 1258 1445 prospicere
1301 1368 1500 1429 debet.
1585 1368 1782 1427 Nemo
1824 1367 1985 1426 enim
2027 1365 2139 1424 nisi

158 1452 567 1528 imprudenter
608 1456 722 1515 sibi
764 1468 1035 1533 tempore
1079 1469 1426 1534 opportuno
1480 1475 1605 1516 non
1659 1455 2002 1533 providebit
2041 1473 2140 1512 ne·

160 1544 419 1602 cessaria
461 1563 574 1621 pro
616 1555 891 1622 tempore
932 1547 1145 1606 hiemis
1186 1549 1283 1606 vel
1338 1565 1451 1624 pro
1505 1557 1778 1622 tempore
1835 1543 2140 1622 penuriae,

158 1631 368 1704 morbi,
414 1634 736 1693 senectutis
778 1645 839 1694 et
878 1635 1157 1694 similium
1200 1653 1460 1694 casuum.
1545 1634 1696 1709 Quis
1751 1644 1948 1692 autem
1989 1632 2142 1690 haec

157 1720 266 1779 sibi
309 1739 669 1798 comparare
711 1724 1005 1796 studeret,
1067 1725 1116 1783 si
1158 1725 1308 1782 alios
1363 1741 1488 1783 non
1543 1731 1746 1799 posset
1800 1725 1876 1781 ab
1931 1738 2138 1780 eorum

154 1827 261 1868 usu
302 1811 669 1873 excludere?
750 1813 1086 1886 Praeterea,
1130 1824 1196 1872 ut
1237 1813 1528 1883 ordinate,
1586 1812 1837 1870 honeste
1880 1819 1940 1868 et
1982 1827 2139 1866 com-

154 1899 336 1959 mode
380 1900 571 1974 vivat,
634 1902 818 1963 debet
858 1904 1068 1962 saltem
1123 1903 1399 1975 domum,
1457 1902 1641 1961 immo
1697 1900 1876 1959 etiam
1931 1915 2138 1973 agrum

151 1988 263 2048 sibi
307 1992 631 2065 acquirere
674 2010 870 2068 posse,
917 1992 999 2050 ita
1038 2003 1102 2052 ut
1141 1991 1372 2051 nemini
1413 1992 1590 2050 liceat
1631 1990 1821 2067 ipsum
1863 1988 2005 2047 inde
2048 2004 2140 2045 ex-

150 2079 440 2153 pellere.»

272 2196 331 2251 3.
393 2180 575 2237 Haec
616 2180 941 2238 necessitas
983 2182 1169 2238 multo
1214 2179 1428 2236 clarius
1468 2185 1735 2252 apparet,
1778 2176 1826 2233 si
1866 2183 2138 2232 naturam

149 2274 208 2322 et
250 2265 623 2341 indigentias
665 2268 925 2327 familiae
968 2277 1323 2344 spectemus,
1396 2264 1877 2323 «Matrimonium
1920 2262 2138 2331 enim»,

148 2353 229 2411 ait
274 2356 337 2413 S.
383 2357 653 2429 Doctor,
723 2375 832 2417 «ex
872 2356 1207 2416 intentione
1249 2364 1496 2415 naturae
1539 2352 1846 2412 ordinatur
1886 2351 1964 2409 ad
2005 2348 2142 2407 edu-

147 2443 458 2502 cationem
502 2445 708 2520 prolis,
751 2465 877 2506 non
920 2447 1115 2505 solum
1156 2444 1237 2503 ad
1278 2442 1526 2518 aliquod
1564 2452 1828 2516 tempuS‚
1886 2439 1993 2498 sed
2033 2452 2143 2511 per

145 2542 340 2590 totam
369 2532 557 2591 vitam
584 2535 786 2610 proliS.
854 2535 1020 2594 Unde
1046 2535 1113 2593 de
1141 2533 1260 2606 lege
1287 2539 1532 2590 naturae
1559 2536 1656 2598 est,
1698 2529 1852 2603 quod
1871 2532 2145 2604 parentes

128 2620 287 2696 filiis
329 2622 749 2693 thesaurizent,
809 2634 870 2682 et
911 2624 1013 2682 filii
1069 2632 1386 2698 parentum
1426 2620 1680 2677 heredes
1721 2615 1890 2675 sint.»
1924 2618 1940 2649 ¹
2023 2613 2144 2671 Sed

145 2711 270 2769 hoc
315 2711 657 2770 dominium
686 2712 981 2788 privatum
1009 2712 1073 2769 in
1102 2708 1450 2786 parentibus
1479 2705 1816 2765 necessario
1844 2702 2140 2780 supponit.

271 2828 332 2881 4.
393 2810 633 2882 Quarto
689 2809 955 2885 denique
1010 2808 1131 2865 hoc
1186 2806 1436 2865 omnino
1477 2802 1880 2863 necessarium
1921 2810 2025 2871 est,
2082 2809 2144 2856 ut

144 2898 340 2956 homo
396 2898 599 2957 varias
654 2907 813 2956 artes
867 2915 1153 2957 exercere
1211 2905 1271 2953 et
1325 2892 1589 2952 diversas
1647 2894 1903 2949 scientias
1944 2888 2143 2947 colere

148 2986 362 3063 possit.

272 3103 353 3161 II.
420 3102 566 3160 «Ex
606 3103 917 3161 necessario
958 3100 1043 3158 ad
1074 3100 1322 3158 laborem
1363 3096 1598 3153 stimula.
1685 3095 1769 3152 Ut
1806 3089 2144 3150 hominibus

148 3202 399 3266 praesto
442 3191 564 3250 sint
606 3208 763 3266 quae
794 3189 870 3248 ad
897 3190 1083 3248 vitam
1110 3184 1573 3255 sustentandam,
1605 3184 1907 3257 multoque
1937 3179 2141 3253 magiS‚

284 3403 303 3435 ¹
342 3406 529 3471 Suppl.
570 3408 626 3456 P.
670 3419 718 3469 3,
760 3421 808 3469 q.
851 3404 936 3465 67,
976 3420 1022 3452 a.
1070 3416 1110 3450 1.
