2367 3850
273 193 356 228 DE
395 191 696 229 PRINCIPIO
735 193 956 230 ULTIMO
999 193 1419 230 OPERATIONUM
1460 193 1901 232 SENSITIVARUM.
2014 195 2083 244 49

215 335 272 415 a)
317 340 625 399 Animalia
667 341 827 400 enim
869 342 1167 416 quaedam
1211 341 1501 402 inferiora
1543 337 1911 418 (protozoae)
1962 345 2086 402 sim·

79 431 229 505 plici
266 431 500 488 cellulae
540 432 800 489 sas-sione
839 431 1121 490 oriuntur.

215 514 280 594 b)
342 520 485 577 Alia
543 537 688 577 vero
749 516 914 595 (puta
973 521 1275 595 quaedam
1330 521 1531 580 classis
1588 515 1902 596 vermium)
1960 522 2085 592 etsi,

94 618 261 666 motu
289 609 566 680 naturali,
597 609 851 684 simplici
880 609 1167 669 scissione
1196 628 1324 668 non
1351 621 1733 685 generantur,
1765 611 1842 668 ab
1870 620 2086 687 agente

94 708 299 755 tamen
331 708 603 768 extern0,
644 697 936 757 divisione
967 709 1128 758 recte
1157 700 1419 758 instituta
1448 701 1820 776 multiplicari
1841 709 2089 776 possunt

99 787 160 844 in
205 787 516 845 nonnullis
559 788 809 845 casibus

220 872 277 950 c)
337 876 660 952 Superiora
701 876 963 952 denique
1007 878 1313 950 animalia,
1372 897 1735 954 quamquam
1778 879 2087 954 generatio

97 983 312 1024 eorum
369 984 656 1040 processu
713 967 972 1041 quadam
1027 967 1338 1042 multiplici
1398 967 1733 1043 perficitur,
1794 967 2087 1027 divisione

97 1054 490 1112 nihilominus
531 1054 798 1113 oriuntur
839 1055 1058 1128 omnia,
1103 1075 1241 1114 cum
1271 1056 1537 1114 omnium
1567 1057 1738 1132 origo
1768 1057 1843 1116 sit
1870 1077 1907 1114 a
1922 1059 2087 1132 prin-

98 1145 242 1220 cipio
283 1145 590 1213 coniuncte,
634 1144 784 1202 sicut
825 1163 951 1203 rem
994 1164 1172 1220 supra
1215 1140 1294 1221 (p.
1346 1140 1439 1220 18)
1481 1145 1931 1204 declaravimus

226 1253 280 1290 2.
325 1236 481 1291 Item
522 1235 890 1308 experientia
932 1235 1150 1294 scimus
1193 1235 1397 1293 omnia
1437 1235 1719 1294 animalia
1763 1235 2086 1312 corrumpi,

99 1322 252 1380 sicut
295 1341 557 1398 corpora
599 1324 966 1398 anorganica
1003 1326 1099 1382 vel
1141 1324 1307 1401 ipsae
1336 1326 1577 1400 plantae
1612 1337 2086 1402 corrumpuntur.

222 1423 300 1478 ΙΙ.
362 1421 463 1478 De
502 1422 883 1480 divtkz'bilitate
922 1424 1148 1480 animae
1193 1424 1509 1480 sensitivae.
1556 1453 1633 1460 —
1678 1423 1825 1481 Sunt
1866 1422 1969 1498 qui
2010 1422 2088 1481 de

100 1509 484 1585 simplicitate
524 1512 620 1569 vel
663 1509 1126 1570 indivisibilitate
1169 1511 1407 1570 animae
1454 1511 1732 1570 beluinae
1779 1523 2085 1587 quaerant.

227 1599 351 1657 Sed
394 1599 637 1674 proprie
678 1618 938 1675 vereque
982 1602 1132 1659 haec
1175 1601 1446 1676 quaestio
1488 1600 1635 1676 poni
1690 1620 1817 1659 non
1872 1611 2085 1676 potest.

109 1689 332 1746 Anima
361 1687 524 1746 enim
551 1689 808 1760 beluina,
838 1700 902 1747 ut
929 1689 1078 1761 talis,
1110 1690 1261 1749 sicut
1288 1707 1498 1750 omnes
1528 1690 1755 1750 formae
1777 1690 2090 1749 inferiores

115 1773 328 1852 (aquae
359 1797 411 1836 e.
440 1773 544 1852 g.),
589 1795 782 1853 neque
820 1778 1126 1836 divisibilis
1156 1790 1246 1838 est
1271 1797 1470 1854 neque
1498 1779 1886 1851 indivisibilis,
1931 1781 2086 1854 quia,

118 1877 177 1924 ut
213 1867 365 1939 taliS,
410 1867 727 1943 separatim
755 1886 792 1926 a
820 1867 1155 1944 composito
1186 1886 1309 1927 non
1339 1868 1576 1928 exsistit.
1630 1867 1900 1927 Diximus
1928 1868 2086 1927 enirn

117 1975 288 2031 supra
330 1956 593 2014 animam
635 1956 936 2016 beluinam
963 1976 1088 2015 non
1118 1959 1397 2017 exsistere
1426 1957 1539 2017 nisi
1568 1959 1903 2017 exsistentia
1933 1977 2091 2016 com-

118 2046 287 2119 positi
339 2046 434 2103 vel
477 2046 892 2121 dependenter
931 2066 968 2104 a
1009 2046 1275 2105 materia.

232 2134 495 2193 Proinde
539 2135 768 2193 ratione
811 2137 900 2194 sui
939 2137 1036 2194 vel
1064 2145 1180 2212 per
1219 2154 1277 2193 se
1309 2137 1507 2194 anima
1548 2136 1789 2194 beluina
1831 2154 1955 2193 non
2000 2146 2091 2194 est

119 2222 418 2282 divisibilis
462 2234 562 2282 aut
603 2224 992 2296 indivisibilis,
1036 2235 1126 2283 est
1168 2235 1370 2283 tamen
1413 2224 1720 2283 divisibilis
1762 2227 1856 2283 vel
1887 2224 2091 2282 indivi-

121 2312 294 2371 sibilis
335 2331 447 2389 per
490 2313 803 2384 accidenS,
862 2315 922 2372 in
967 2324 1253 2389 quantum
1298 2314 1523 2373 scilicet
1565 2314 1757 2389 ipsum
1800 2314 2092 2389 composi-

120 2411 236 2459 tum
277 2402 396 2461 dici
440 2413 638 2477 potest
678 2402 974 2461 divisibile
1015 2404 1110 2461 vel
1153 2403 1512 2462 indivisibile
1556 2420 1665 2478 per
1705 2420 1785 2462 se.

233 2493 358 2550 Iam
387 2509 536 2549 vero
565 2493 748 2550 multa
775 2491 1055 2550 animalia
1083 2492 1384 2563 inferiora,
1428 2492 1578 2551 sicut
1615 2510 1791 2567 supra
1820 2490 2087 2561 diximuS,

121 2596 222 2653 per
262 2599 324 2639 se
367 2580 557 2638 dividi
599 2591 845 2655 possunt
873 2581 1130 2657 simplici
1173 2580 1457 2639 scissione
1501 2580 1563 2638 in
1596 2581 1767 2657 plura
1794 2581 2087 2640 animalia.

122 2669 368 2727 Animae
395 2669 654 2745 proinde
683 2670 920 2728 illorum
937 2670 1178 2729 ratione
1210 2670 1516 2728 divisionis
1544 2670 1719 2728 totius
1749 2680 1807 2728 et
1836 2669 1999 2744 ipsae
2030 2670 2092 2727 in

123 2758 311 2829 plures
352 2758 584 2817 animas
625 2758 982 2817 dividuntur.
1054 2760 1312 2818 Animae
1355 2778 1498 2818 vero
1542 2759 1882 2817 animalium
1925 2750 2106 2834 supe-'

127 2844 353 2919 riorum,
389 2858 533 2922 puta
562 2865 870 2924 equorum,
901 2845 1095 2906 taliter
1124 2859 1257 2906 sunt
1286 2847 1689 2918 indivisibileS,
1726 2847 1866 2922 quia
1892 2866 2090 2922 neque

128 2932 307 3009 ipsum
348 2938 776 3013 compositum,
835 2955 1024 3012 equus
1065 2936 1318 3007 scilicet,
1377 2936 1569 2995 taliter
1612 2935 1796 2994 dividi
1838 2946 2033 3011 potest
2056 2938 2089 2994 ¹.

240 3024 767 3097 Quemadmodum
808 3044 954 3084 vero
989 3026 1193 3083 omnia
1234 3024 1513 3083 animalia
1556 3035 1690 3083 sunt
1730 3024 2089 3083 substantiae

131 3114 411 3185 quaedam
452 3134 609 3173 unae
638 3126 698 3174 et
725 3114 1034 3184 indivisae,
1066 3114 1173 3174 sed
1203 3125 1421 3185 tamen,
1454 3112 1835 3187 corruptione
1866 3115 2089 3183 saltem,

251 3291 264 3321 ¹
300 3292 372 3342 Cf.
400 3294 620 3344 Lehmen
658 3294 689 3342 1.
719 3309 763 3343 c.
792 3294 858 3354 11,
897 3306 926 3342 2
937 3306 1017 3357 54.
1063 3295 1239 3353 Haan,
1280 3292 1603 3355 Philosophia
1642 3300 1743 3340 nat.
1770 3308 1821 3354 p.
1857 3301 1953 3352 159
1980 3307 2088 3353 sqq.

140 3370 339 3421 Mer-cier
372 3374 403 3423 l.
442 3390 483 3423 c.
525 3392 576 3439 p.
621 3386 718 3435 321
765 3386 816 3421 et
857 3386 974 3435 322.

235 3463 607 3515 Reinstadler,
639 3466 779 3505 Elem.
811 3465 970 3516 philos.
1001 3464 1134 3505 schol.
1181 3464 1238 3504 11.
1738 3466 1770 3509 4
