2367 3850
807 177 888 213 DE
929 178 1146 216 DIVINO
1188 181 1514 219 CONCURSU.
2070 185 2168 222 221

250 320 341 376 Ex
381 319 501 378 hac
545 331 758 382 autem
804 327 1242 400 praemotione
1286 347 1415 387 non
1460 331 1749 405 sequitur,
1794 341 1859 392 ut
1900 332 2177 390 voluntas

145 408 211 465 de
248 409 610 469 necessitate
657 424 1001 486 moveatur,
1050 416 1162 474 sed
1206 425 1274 474 ut
1314 437 1353 475 a
1382 419 1519 477 Deo
1547 423 1931 478 constituatur
1958 423 2021 478 in
2050 428 2178 478 actu

146 498 349 572 aliquid
367 499 547 557 libere
574 503 816 560 volendi
826 525 846 574 ,·
875 505 1162 564 voluntas
1195 507 1362 564 enim
1394 507 1619 580 divina,
1652 518 1717 567 ut
1736 509 1819 567 ait
1840 510 1897 568 S.
1924 511 2175 579 Doctor,

144 604 252 644 non
290 588 486 645 solum
526 608 666 648 sese
699 593 996 664 extendit,
1042 605 1109 652 ut
1139 595 1373 670 aliquid
1402 597 1506 654 fiat
1534 615 1648 673 per
1677 616 1809 656 rem
1840 617 2027 673 quam
2056 615 2177 656 mo-

147 686 242 747 vet,
270 676 375 734 sed
404 677 615 751 etiam,
649 689 718 738 ut
744 698 821 739 eo
842 683 1038 741 modo
1059 685 1180 755 fiat,
1218 701 1343 759 quo
1364 686 1647 760 congruit
1667 696 1919 746 naturae
1936 685 2121 761 ipsius
2138 689 2174 745 ¹.

247 765 514 826 Naturae
561 779 772 828 autem
804 773 1137 831 voluntatis
1168 774 1481 844 convenit,
1528 785 1594 833 ut
1621 775 1815 835 libere
1842 785 2173 833 moveatur.

147 853 471 914 Dicendum
516 858 792 932 proinde
834 871 928 920 est
957 879 1035 919 ex
1063 863 1494 937 praemotione
1524 863 1777 939 physica
1804 865 2175 921 voluntatem

143 944 466 1017 humanam,
514 957 585 1004 ut
629 957 724 1006 est
767 968 957 1008 causa
999 952 1293 1022 secunda,
1342 971 1379 1010 a
1409 953 1550 1010 Deo
1595 962 1659 1010 ut
1703 972 1740 1010 a
1768 970 1953 1010 causa
1982 951 2178 1026 prima

143 1033 402 1092 constitui
445 1034 512 1092 in
561 1046 709 1094 actu
754 1039 992 1113 aliquid
1038 1039 1236 1098 libere
1278 1040 1551 1098 volendi.

249 1123 431 1181 Certo
479 1125 764 1198 quidem,
811 1127 864 1186 si
908 1129 1084 1186 Deus
1126 1139 1338 1187 movet
1380 1129 1757 1188 voluntatem
1804 1129 1885 1188 ad
1928 1127 2175 1201 aliquid,

137 1213 396 1271 voluntas
442 1215 527 1271 ad
573 1214 729 1273 illud
771 1227 1057 1276 movetur
1100 1219 1455 1276 necessario
1498 1217 1861 1277 necessitate
1918 1217 2177 1292 hypothe-

137 1303 237 1357 tica
274 1303 368 1360 vel
414 1307 892 1379 consequentiae,
940 1325 1070 1365 non
1117 1316 1325 1366 autem
1367 1307 1731 1366 necessitate
1775 1307 2037 1364 absoluta
2080 1305 2174 1361 vel

135 1394 508 1466 consequentis
533 1393 574 1451 ².

248 1480 428 1554 Sicut,
478 1484 742 1556 quando
787 1484 1070 1544 videmus
1115 1487 1363 1544 Petrum
1407 1502 1671 1555 currere,
1718 1486 1927 1542 Petrus
1968 1499 2175 1540 neces·

135 1570 280 1626 sario
322 1572 516 1629 currit
559 1571 938 1632 necessitate
982 1575 1416 1649 consequentiae
1458 1569 1626 1648 (quia
1660 1574 1723 1630 in
1754 1571 2171 1648 propositione

133 1658 255 1716 illa:
317 1660 420 1716 «Si
464 1660 758 1720 videmus
800 1663 1052 1720 Petrum
1098 1679 1346 1722 currere
1366 1707 1379 1732 ‚
1428 1663 1638 1720 Petrus
1680 1661 1923 1731 currit»,
1968 1673 2173 1716 neces-

132 1748 278 1806 saria
298 1759 389 1808 est
409 1751 872 1825 consequentia
892 1751 1100 1826 logica
1120 1753 1201 1809 ab
1222 1749 1630 1810 antecedente
1652 1751 1733 1808 ad
1762 1764 2164 1821 consequenS,

133 1837 180 1893 si
209 1838 458 1912 quidem
489 1857 894 1914 consequens
925 1840 1129 1915 logice
1159 1840 1433 1914 sequitur
1462 1858 1539 1897 ex
1568 1830 2009 1910 antecedente),
2042 1850 2167 1931 non

133 1936 324 1985 autem
366 1929 749 1987 necessitate
793 1932 1184 2005 consequentis
1229 1924 1401 2005 (quia
1443 1929 1507 1985 in
1550 1929 1682 2002 ipsa
1738 1926 1839 1983 illa
1898 1940 2167 2001 propos1-

130 2016 290 2075 tione
332 2018 748 2093 hypothetica
791 2038 921 2077 non
967 2030 1060 2077 est
1111 2017 1528 2077 necessarium
1586 2031 1967 2089 consequens
1988 2058 2001 2082 ,
2063 2012 2167 2067 Pe-

125 2115 275 2163 trum
304 2107 546 2166 scilicet
577 2126 850 2179 currere,
885 2108 934 2166 si
967 2107 1222 2183 quidem
1252 2110 1465 2166 Petrus
1494 2105 1684 2163 libere
1718 2102 1917 2171 currit,
1963 2116 2163 2198 neque

127 2196 186 2252 in
228 2196 447 2255 ordine
493 2198 658 2254 reali
697 2197 975 2272 cognitio
1020 2215 1162 2255 mea
1219 2197 1406 2253 ullum
1464 2194 1750 2252 influxum
1807 2197 2047 2249 exercet
2101 2206 2161 2244 1n

127 2281 405 2360 Petrum).
500 2286 686 2359 Quae
734 2286 1072 2345 necessitas
1116 2282 1596 2358 consequentiae
1638 2280 1853 2339 dicitur
1895 2278 2073 2336 etiam
2126 2294 2162 2331 a

126 2376 319 2432 multis
361 2374 713 2433 necessitas
756 2394 957 2433 sensus
1001 2375 1297 2450 compositi
1307 2395 1327 2443 ‚·
1383 2370 1709 2429 necessitas
1765 2377 1961 2426 autern
2023 2382 2160 2422 con-

126 2465 454 2539 sequentis,
504 2464 850 2522 necessitas
891 2482 1092 2521 sensus
1133 2463 1321 2521 divisi.

246 2562 494 2636 Quibus
539 2562 827 2637 probatis
872 2561 954 2618 ad
998 2560 1388 2618 difficultates
1430 2556 1863 2615 molinistarum
1926 2551 2011 2609 sic
2072 2567 2157 2607 re-

127 2651 469 2726 spondent:

250 2769 299 2807 1.
345 2748 716 2808 Molinistae
762 2767 893 2806 non
937 2748 1269 2807 ostendunt
1300 2764 1436 2803 curn
1466 2740 1879 2818 praemotione
1911 2735 2152 2813 physica

125 2847 275 2895 stare
318 2856 453 2896 non
500 2854 689 2912 posse
735 2838 1083 2895 libertatem
1125 2835 1473 2893 humanam.
1560 2829 1829 2888 Etenim:

246 3035 262 3067 ¹
303 3038 359 3086 S.
409 3038 610 3097 Tkom„
655 3038 708 3087 S.
749 3012 913 3086 theol.
955 3038 995 3096 I,
1038 3036 1116 3094 ΙΙ,
1160 3051 1209 3099 q.
1259 3044 1337 3092 10,
1379 3049 1423 3080 a.
1465 3044 1525 3090 42
1568 3030 1743 3078 Utrum
1781 3027 2007 3076 voluntas
2044 3040 2146 3073 mo-

127 3125 296 3165 veatur
336 3118 406 3167 de
447 3118 768 3167 necessitate
807 3118 876 3165 ab
915 3116 1171 3165 exteriore
1211 3110 1420 3172 motiv0,
1460 3110 1598 3173 quod
1635 3116 1709 3156 est
1746 3108 1902 3167 Deus,
1942 3104 2007 3182 ad
2050 3117 2091 3153 1.

240 3194 264 3227 ²
300 3198 439 3247 Ibid.
483 3198 553 3245 ad
594 3210 659 3260 3:
715 3196 770 3246 Si
813 3198 959 3245 Deus
1011 3202 1184 3243 movet
1236 3191 1550 3240 voluntatem
1588 3188 1653 3235 ad
1690 3186 1901 3250 aliquid,
1958 3184 2141 3232 incom-

129 3278 370 3338 possibile
410 3286 492 3327 est
530 3278 655 3327 huic
693 3276 962 3343 positioni,
1005 3274 1148 3340 quod
1186 3272 1422 3320 voluntas
1462 3268 1527 3315 ad
1564 3267 1691 3315 illud
1724 3282 1827 3331 non
1855 3273 2136 3326 moveatur-3

129 3371 221 3405 non
261 3368 441 3407 tamen
483 3367 562 3407 est
603 3356 934 3423 impossibile
975 3351 1299 3417 simpliciter.
