2367 3850
303 210 400 262 182
925 221 1262 260 ‘rm-,omem
1302 221 1641 259 ΝΑτυιιΑιιε.

416 369 537 428 Sed
580 369 987 430 ordinatorem
1028 369 1257 429 infinite
1300 369 1799 446 sapientissimum
1856 369 2030 429 huius
2072 369 2265 428 mundi
2337 419 2338 436 ,

294 477 575 518 vocamus
617 461 832 518 Deum.
982 464 1004 478 ⁸
2336 459 2338 468 ⁴

957 557 1124 631 Ergo
1164 557 1333 616 Deus
1372 559 1607 616 exsistit.

703 749 740 818 g
779 767 826 803 2.
889 756 1301 816 Argumentum
1340 753 1856 816 eutropologicurn.

414 886 595 961 Viget
623 887 783 963 apud
811 886 970 945 viros
997 905 1197 946 rerum
1226 886 1604 963 physicarum
1640 887 1867 962 peritos
1897 885 2264 963 principium,

293 976 509 1035 nostris
551 976 900 1051 praesertim
941 975 1334 1052 temporibus
1364 975 1541 1035 certis
1583 976 2011 1052 experimentis
2066 975 2266 1034 stabili·

293 1076 436 1136 tum,
480 1066 646 1141 quod
686 1075 932 1124 vocatur
973 1065 1334 1141 principium
1374 1067 1469 1124 vel
1512 1066 1607 1123 lex
1648 1068 1944 1141 eutropiae
1966 1066 2000 1122 ¹.
2062 1065 2264 1124 Secun-

295 1154 438 1212 dum
479 1154 623 1213 illud
665 1154 1024 1230 principium
1065 1165 1236 1213 certo
1276 1154 1492 1214 scimus
1534 1155 1839 1231 energiam
1876 1173 2126 1215 omnem
2148 1172 2263 1212 non

293 1244 644 1302 thermicam
688 1244 905 1304 sensim
935 1244 1150 1303 mutari
1192 1245 1254 1302 in
1285 1246 1567 1316 calorem,
1612 1245 1878 1304 calorem
1906 1263 2056 1303 vero
2084 1245 2259 1320 ipsum

296 1351 540 1392 omnem
581 1333 799 1392 sensim
843 1352 952 1409 per
993 1333 1283 1392 mundum
1325 1334 1653 1409 aequaliter
1695 1333 1969 1392 diffundi.

415 1421 534 1480 Sed
551 1431 848 1497 processus
885 1423 983 1480 ille
1021 1423 1376 1498 sufficienter
1415 1424 1696 1499 explicari
1744 1443 1859 1482 non
1887 1430 2110 1525 potest,
2163 1424 2267 1480 nisi

295 1511 635 1568 admittatur
675 1514 1001 1570 exsistentia
1041 1513 1186 1570 entis
1238 1513 1525 1570 cuiusdam
1566 1514 1866 1582 materiae,
1924 1515 1989 1570 in
2043 1532 2157 1588 qua
2190 1514 2265 1587 fit

295 1601 391 1658 ille
418 1610 729 1678 processus,
775 1603 1046 1660 creatoris
1084 1609 1141 1659 et
1178 1604 1425 1660 motoris
1510 1602 1780 1660 Etenim:

416 1692 731 1750 Processus
746 1691 844 1750 ille
865 1701 1031 1750 certo
1051 1708 1175 1749 non
1197 1690 1303 1749 fuit
1320 1692 1399 1750 ab
1418 1701 1684 1750 aeterne.
1717 1691 1890 1764 Quae
1912 1691 2257 1766 suppositio:

415 1780 780 1855 metaphysice
817 1790 1128 1856 repugnat,
1173 1780 1316 1855 quia
1354 1780 1583 1840 inducit
1623 1780 1837 1840 seriem
1880 1780 2259 1838 mutationum

299 1876 433 1927 actu
473 1868 803 1945 infinitam3

405 1959 632 2033 physice
670 1970 995 2036 repugnat,
1052 1969 1259 2035 utpote
1302 1958 1414 2035 ipsi
1455 1959 1575 2034 legi
1621 1960 1933 2036 eutropiae
1977 1959 2257 2036 opposita.

297 2050 454 2107 Nam
495 2048 543 2105 si
585 2050 663 2108 ab
707 2059 953 2108 aeterno
997 2060 1262 2108 curreret
1301 2049 1400 2108 ille
1443 2066 1780 2124 processus,
1824 2050 1923 2108 vel
1965 2048 2260 2109 admitten-

296 2138 437 2196 dum
480 2148 636 2196 esset
677 2138 982 2213 energiam
1025 2138 1169 2198 olim
1211 2138 1389 2197 fuisse
1418 2138 1739 2196 infinitam:
1785 2138 1954 2213 quod
1983 2147 2261 2214 repugnat

295 2226 407 2301 ipsi
449 2237 693 2286 naturae
736 2227 906 2286 huius
933 2228 1251 2303 energiae3
1294 2229 1391 2286 vel
1434 2227 1722 2285 mundum
1762 2227 1885 2285 iam
1926 2228 2153 2286 dudum
2192 2226 2261 2283 ad

297 2316 564 2392 requiem
619 2317 992 2391 pervenisse:
1053 2317 1219 2392 quod
1274 2326 1365 2375 est
1404 2327 1615 2375 contra
1655 2316 2125 2392 experientiam3
2175 2316 2260 2373 vel

297 2404 601 2477 mundum,
645 2416 963 2481 postquam
1001 2406 1079 2465 ad
1107 2416 1322 2464 statum
1365 2404 1790 2481 aequilibratae
1820 2406 2104 2481 energiae
2146 2424 2261 2479 per·

294 2493 579 2565 venisset,
637 2513 711 2553 ex
765 2513 830 2555 se
882 2495 1015 2571 ipso
1058 2495 1259 2554 denuo
1314 2494 1391 2553 ad
1433 2512 1655 2553 novum
1708 2504 1937 2553 motum
1993 2496 2088 2555 vel
2143 2510 2261 2570 pro·

295 2600 527 2641 cessum
569 2584 854 2643 continuo
896 2584 1222 2643 transiisse:
1268 2584 1433 2659 quod
1475 2584 1877 2660 metaphysice
1926 2594 1988 2643 et
2026 2584 2259 2661 physice

295 2671 662 2747 impossibile
705 2684 794 2733 est
811 2674 850 2734 ¹.
921 2676 1239 2733 Processus
1280 2673 1379 2732 ille
1422 2673 1677 2749 proinde
1720 2673 1945 2749 incepit
1986 2691 2133 2733 esse.
2207 2671 2260 2729 Si

422 2849 439 2880 ¹
477 2852 555 2902 Cf.
596 2851 967 2901 Akademische
1007 2851 1395 2901 Monatsblatter
1437 2864 1587 2913 1901,
1626 2867 1701 2901 nr.
1742 2852 1789 2912 8,
1831 2869 1881 2917 p.
1930 2852 2029 2903 168
2067 2870 2172 2917 sqq.

419 2928 441 2961 ²
484 2932 596 2981 «On
637 2933 711 2981 dit
749 2942 800 2982 et
835 2933 1014 2993 redit»,
1067 2933 1135 2981 ait
1183 2934 1355 2991 ΕΜ,
1414 2949 1543 2998 «que
1594 2932 1640 2981 le
1692 2932 1945 2998 spectacle
1994 2932 2157 2982 actuel
2200 2932 2255 2979 de

297 3010 534 3061 l'univers
571 3012 703 3061 n’est
739 3029 836 3077 que
873 3012 1008 3061 l'une
1047 3013 1137 3062 des
1173 3012 1471 3077 repetitions
1509 3030 1625 3062 sans
1664 3014 1877 3062 nombre
1930 3012 2050 3061 d'un
2105 3012 2253 3062 meme

298 3093 555 3141 ensemble
593 3093 657 3142 de
694 3094 1043 3158 phenomenes
1080 3093 1433 3158 periodiques;
1474 3109 1574 3159 que
1611 3102 1719 3143 tout
1756 3109 1814 3142 ce
1853 3094 1938 3159 qui
1962 3109 2091 3142 nous
2116 3109 2253 3157 appa·

297 3172 392 3221 rait
429 3173 745 3237 aujourd'hui
782 3190 900 3223 sous
937 3174 1096 3224 forme
1135 3175 1201 3223 de
1238 3174 1452 3223 mondes
1488 3174 1748 3233 distinctS,
1801 3190 2007 3239 passera
2054 3190 2121 3221 un
2152 3173 2252 3236 jour

299 3249 329 3301 ὲ
364 3251 503 3301 l’etat
541 3254 604 3302 de
641 3254 837 3315 ruines,
891 3270 946 3303 se
983 3254 1268 3319 dispersera
1306 3255 1433 3304 dans
1469 3253 1689 3319 l’espace
1725 3270 1855 3319 pour
1888 3254 2129 3303 reformer
2160 3268 2248 3301 une

297 3333 573 3382 nebuleuse
613 3372 624 3383 .
667 3370 678 3383 .
720 3371 731 3384 .
772 3343 822 3383 et
859 3334 986 3384 ainsi
1023 3334 1087 3383 de
1125 3334 1256 3384 suite
1296 3331 1325 3382 ὲ
1360 3334 1558 3384 l’infini.
1636 3334 1781 3383 Cette
1820 3334 2099 3399 hypothese
2148 3348 2245 3398 pos-

299 3412 429 3461 sible
466 3412 500 3460 il
537 3430 570 3477 y
605 3430 636 3461 a
671 3429 772 3478 peu
811 3413 1054 3463 d'annees
1091 3430 1301 3476 encore,
1354 3430 1420 3464 ne
1470 3413 1584 3464 l’est
1620 3415 1737 3480 plus
1774 3413 2101 3479 aujourd'hui.
2142 3452 2151 3463 .
2189 3449 2198 3463 .
2232 3444 2243 3458 ·
