2367 3850
1456 11 1479 14 ,-
1492 11 1609 52 -.ψεῖ-1
1618 11 1665 26 ’τ’
1675 11 2367 66 τῂπῖ

268 235 370 286 314
864 235 1097 272 ETHICA.
1163 235 1301 272 PARS
1341 235 1638 272 SPECIALIS.

266 383 455 442 rendo
499 384 692 459 legeS‚
751 384 1031 459 cogendo
1074 383 1322 454 invitos,
1381 384 1689 460 puniendo
1745 394 2270 459 transgressore83

262 484 388 532 tum
429 471 509 532 ad
551 472 881 531 dominium
913 476 1309 549 proprietatzs,
1354 472 1432 532 de
1476 492 1598 549 quo
1637 473 1739 530 hic
1782 475 1991 549 agitur.

386 592 437 630 2.
504 571 842 630 Dominium
908 579 1095 629 autem
1150 573 1533 649 proprtetatis
1595 571 1912 631 definitur:
1979 571 2270 646 famltas

262 661 595 738 disponendi
670 661 739 720 de
819 685 877 720 re
955 669 1246 737 tamquam
1322 681 1429 720 sua
1443 708 1460 730 ,
1543 669 1820 738 quatenus
1885 663 2034 719 iuris
2103 663 2270 718 ratio

248 753 498 827 patitur.

390 839 657 899 «Dicitur
696 841 765 898 de
803 858 893 911 re,
937 839 973 898 i.
1020 859 1071 899 e.
1118 839 1195 899 de
1240 839 1566 899 substantia
1606 839 1722 912 rei,
1783 840 1880 898 vel
1923 840 2002 898 de
2045 839 2267 915 aliquo

262 930 531 990 eiusdem
574 932 978 989 emolumento
1021 931 1117 988 vel
1160 930 1340 988 etiam
1384 930 1461 988 de
1503 939 1811 1004 utroque.»

382 1038 456 1094 II.
500 1037 791 1094 Diversae
822 1036 1060 1094 dominii
1084 1037 1464 1113 proprietatis
1504 1041 1746 1108 species.
1789 1065 1864 1074 —-
1895 1035 2268 1093 Dominium

262 1124 639 1202 proprietatis
680 1124 1010 1200 generatim
1065 1125 1288 1201 duplex
1339 1123 1748 1200 distinguitur,
1804 1123 1886 1182 ita
1925 1135 1993 1182 ut
2033 1123 2114 1182 sit
2159 1124 2269 1182 do-

260 1215 509 1274 minium
552 1215 735 1273 altum
776 1225 836 1273 et
877 1214 1211 1274 dominium
1252 1213 1491 1272 humile.

389 1334 437 1372 1.
482 1313 831 1372 Dominium
860 1315 1041 1372 altum
1080 1331 1185 1372 seu
1202 1313 1488 1388 publicum
1532 1307 1886 1386 (dominium
1915 1311 2267 1388 improprie

261 1395 506 1477 dictum)
563 1413 651 1461 est
698 1402 985 1478 «facultas
999 1447 1017 1471 ,
1072 1420 1219 1477 quae
1257 1411 1551 1477 supremae
1590 1402 1924 1459 auctoritati
1976 1403 2263 1478 competit,

260 1492 592 1566 disponendi
626 1492 694 1549 cle
734 1493 891 1550 bonis
905 1493 1297 1568 privatorum,
1340 1513 1393 1550 v.
1423 1509 1481 1566 g.
1525 1491 1603 1549 de
1645 1508 1793 1565 agro
1835 1500 1939 1548 tuo
1983 1489 2063 1548 ad
2093 1491 2266 1548 viam

262 1581 743 1652 construendam,
788 1580 873 1640 sic
916 1581 1192 1656 exigente
1235 1581 1400 1638 bono
1441 1580 1742 1656 publico».

387 1698 437 1736 2.
496 1677 846 1737 Dominium
900 1678 1111 1736 humile
1152 1697 1257 1737 seu
1296 1678 1536 1753 vulgare
1590 1673 1944 1752 (dominium
2003 1677 2265 1754 proprie

262 1764 512 1842 dictum)
555 1777 643 1826 est
669 1767 936 1843 facultas
976 1770 1347 1845 privatorum
1386 1767 1719 1843 disponendi
1753 1768 1821 1826 de
1859 1785 1927 1824 re
1955 1774 2265 1842 tamquam

261 1876 387 1927 sua,
428 1864 704 1933 quatenus
744 1859 889 1915 iuris
928 1859 1081 1916 ratio
1108 1859 1357 1935 patitur.
1443 1856 1770 1915 Dividitur:

384 1949 439 2030 a)
490 1954 585 2013 «in
627 1955 959 2014 dominium
1013 1958 1258 2032 plenum
1315 1974 1420 2016 seu
1460 1956 1822 2032 perfectum,
1880 1955 2048 2031 quod
2093 1974 2266 2013 com-

262 2043 539 2119 plectitur
579 2062 789 2103 omnes
830 2044 1082 2103 dominii
1124 2055 1355 2121 parteS,
1410 2063 1515 2103 seu
1556 2045 1683 2103 iura
1738 2044 2026 2121 specialia
2065 2045 2138 2102 in
2186 2063 2265 2103 eo

263 2142 578 2208 contenta3
620 2133 916 2204 videlicet,
961 2134 1048 2193 rei
1071 2136 1496 2210 proprietatem,
1541 2135 1878 2193 commodum
1905 2152 1979 2192 ex
2019 2153 2158 2203 usu,
2206 2143 2267 2192 et

261 2224 349 2280 ius
378 2224 730 2299 perczpiena'i
770 2224 1021 2298 fructu53

381 2315 445 2395 b)
488 2320 549 2379 in
606 2320 933 2379 dominium
976 2321 1336 2397 semiplenum
1353 2367 1366 2392 ,
1429 2338 1534 2380 seu
1592 2319 1980 2397 imperfectum
1996 2366 2015 2389 ,
2079 2322 2263 2397 quod

266 2429 387 2468 uno
431 2429 505 2470 ex
546 2410 828 2485 praefatis
870 2409 1091 2468 iuribus
1133 2420 1314 2469 caret.

385 2493 442 2575 α)
492 2497 707 2557 «Aliud
750 2509 840 2557 est
878 2499 1175 2569 directum,
1222 2517 1327 2558 seu
1367 2499 1566 2558 nudae
1608 2498 1984 2575 proprietatis
2003 2544 2018 2570 ,
2083 2500 2260 2575 quod

262 2590 453 2648 solum
495 2589 580 2647 rei
622 2586 1009 2647 substantiam
1049 2587 1308 2664 respicit.

386 2672 438 2754 β)
488 2676 705 2735 «Aliud
734 2686 823 2736 est
848 2678 1003 2746 utile,
1048 2665 1231 2752 ¹quod,
1262 2676 1490 2751 absque
1519 2677 1606 2735 rei
1636 2676 2018 2752 proprietate,
2066 2678 2257 2736 habet

260 2769 357 2826 vel
399 2785 597 2838 usum,
654 2766 751 2825 vel
801 2766 1087 2839 fructum,
1144 2767 1241 2825 vel
1283 2765 1647 2824 coniunctim
1689 2766 2204 2825 usum-fructum.»
2241 2768 2258 2799 ¹

381 2855 719 2933 Disputatio
746 2864 951 2914 nostra
992 2854 1102 2915 erit
1140 2855 1221 2914 de
1250 2855 1518 2915 dominio
1546 2854 1945 2931 proprietatiS,
1995 2854 2256 2932 eiusque

265 2946 551 3022 privatae.

380 3055 488 3111 III.
530 3053 741 3111 Variae
780 3060 1006 3125 species
1054 3062 1358 3119 bonorum,
1399 3052 1485 3109 ad
1516 3069 1660 3127 quae
1699 3069 1757 3109 se
1782 3050 2040 3109 extendit
2079 3052 2254 3111 domi-

260 3145 417 3201 nium
445 3143 840 3219 proprietatis.
871 3172 949 3180 —
978 3142 1165 3214 Bona,
1223 3142 1301 3200 de
1345 3141 1558 3216 quibus
1600 3140 1876 3199 homines
1917 3139 2251 3216 disponere

261 3241 525 3307 possunt,
569 3241 731 3289 sunt:

386 3420 399 3449 ¹
439 3422 517 3469 Ita
553 3422 704 3470 Marc
738 3421 770 3470 l.
812 3439 853 3471 c.
