2367 3850
1506 13 1527 21 ⁷
1570 13 1573 15 ⁷
1592 13 1659 16 ”““
1674 13 1706 40 Γ
1776 13 1933 46 .““’“.Ψ“.
1938 11 2195 44 “ἾἮΨ“
2210 13 2271 16 ““’““’
2284 13 2297 16 “

238 223 339 272 294
817 220 1049 258 ΕΤΗῙΟΑ.
1116 220 1254 256 PARS
1293 219 1629 256 GENERALIS.

234 370 538 428 moraliter
578 371 657 427 fit.
742 368 988 444 Optime
1028 368 1368 443 comparari
1405 377 1600 442 potest
1641 385 1778 425 cum
1821 367 2074 425 veritate
2117 367 2222 425 ob-

232 459 461 530 iectiva,
507 477 662 533 quae
705 468 791 516 est
822 458 1276 517 fundamentum
1304 455 1580 528 veritatis,
1625 456 1892 514 formalis
1935 457 2030 513 vel
2077 455 2222 530 logi·

234 568 359 606 cae.
420 549 520 607 Sic
545 550 727 618 DeuS,
756 557 1066 622 ,quatenus
1102 566 1139 605 a
1166 546 1452 620 creaturis
1495 546 1803 617 amandUS,
1848 545 2068 604 dicitur
2097 563 2223 602 mo-

237 637 437 696 raliter
478 639 689 696 bonus,

354 726 663 785 Moralitas
704 726 857 785 haec
899 724 1198 784 obiectiva
1233 743 1410 784 sensu
1452 722 1784 801 improprio
1827 722 2086 782 obiectis
2129 722 2226 778 tri·

232 815 447 887 buitur,
492 816 633 890 quia
674 814 917 892 proprie
960 815 1206 873 moralia
1251 813 1528 887 dicuntur
1561 831 1686 872 non
1729 812 1972 872 obiecta
2013 813 2224 871 volun·

233 904 383 976 tatis,
428 905 532 964 sed
575 905 688 980 ipsi
728 903 1046 964 voluntatis
1088 915 1272 962 actus,

360 1015 409 1052 2.
456 995 763 1053 Moralitas
804 1011 981 1053 sensu
1023 993 1272 1069 proprio
1315 1001 1565 1068 accepta
1606 992 1701 1050 vel
1747 990 2056 1049 moralitas
2099 991 2224 1048 sub-

231 1084 429 1142 iectiva
487 1077 795 1158 (formalis)
856 1093 945 1141 est
1003 1082 1308 1141 moralitas
1324 1128 1339 1152 ‚
1413 1099 1568 1157 quae
1623 1081 1916 1156 reperitur
1973 1081 2038 1138 in
2100 1081 2224 1154 ῥύεο

230 1179 358 1231 actu
398 1172 672 1242 humane,
716 1173 849 1230 dum
872 1173 972 1248 fit.
1056 1170 1366 1230 Moralitas
1420 1170 1717 1229 obiectiva
1765 1169 1993 1229 exsistit
2035 1168 2222 1227 etiam

233 1261 477 1336 quando
520 1263 713 1320 nullus
768 1263 831 1319 fit
872 1272 1037 1320 actus
1076 1261 1369 1319 humanus
1385 1305 1401 1331 ,
1457 1259 1757 1318 moralitas
1799 1277 1944 1317 vero
1988 1259 2224 1317 subiec-

235 1351 355 1408 tiva
396 1362 535 1409 tunc
580 1352 771 1410 solum
799 1349 974 1408 realis
1002 1359 1107 1420 est,
1151 1349 1398 1424 quando
1427 1350 1698 1408 voluntas
1726 1348 1805 1406 de
1832 1349 1998 1406 facto
2027 1347 2222 1406 libere

236 1440 373 1514 agit.
458 1441 633 1499 Haec
674 1449 871 1498 autem
913 1437 1216 1497 moralitas
1258 1438 1586 1497 subiectiva
1625 1447 1714 1496 est
1753 1438 1849 1497 vel
1892 1436 2222 1495 materialis

234 1530 327 1586 vel
371 1529 650 1587 formalis.
740 1575 751 1586 .

357 1619 663 1684 Moralitas
704 1619 1019 1676 materialis
1067 1627 1155 1675 est
1203 1613 1660 1675 «convenientia
1701 1615 1794 1674 vel
1835 1614 2221 1674 disconveni-

238 1708 392 1764 entia
443 1717 608 1766 actus
654 1725 789 1765 cum
836 1706 1041 1782 regula
1088 1716 1334 1764 externa
1379 1723 1484 1763 seu
1529 1706 1696 1780 lege»
1732 1707 1764 1776 ¹,
1813 1703 1942 1762 aliis
1977 1703 2216 1778 verbis:

238 1807 328 1855 est
370 1795 498 1872 ipsa
526 1795 835 1855 tendentia
864 1805 1028 1854 actus
1069 1795 1243 1853 liberi
1284 1795 1347 1852 in
1389 1794 1692 1853 obiectum
1733 1793 2120 1852 considerata
2162 1793 2224 1850 in

239 1903 343 1943 sua
385 1884 673 1945 relatione
704 1903 840 1945 cum
870 1884 1083 1944 ordine
1110 1884 1357 1943 rationis
1385 1883 1702 1955 obiectivo,
1747 1883 1912 1941 nullo
1941 1893 2226 1959 respectu

238 1975 443 2032 habito
484 1977 569 2033 ad
600 1976 863 2033 iudicium
893 1974 1210 2051 pradicant
1250 1974 1493 2031 rationali·
1532 1974 1681 2042 eius,
1737 1974 1840 2048 qui
1873 1974 2014 2046 agit.
2104 1970 2223 2043 Sic,

238 2073 301 2121 ut
342 2066 619 2139 exemplo
660 2074 895 2122 utamur
936 2082 1117 2139 supra
1156 2064 1357 2134 allat0,
1401 2062 1561 2121 actio
1601 2062 1760 2120 Petri
1804 2061 1892 2119 ius
1948 2062 2224 2120 carnium

240 2152 497 2211 bibentis
556 2153 702 2212 feria
757 2154 847 2211 VI
905 2154 1086 2211 habet
1146 2170 1313 2211 suam
1371 2151 1767 2210 moralitatem
1826 2150 2221 2220 materialem,

240 2241 417 2300 etiam
461 2242 510 2299 si
550 2243 757 2301 Petrus
810 2260 937 2301 non
978 2242 1251 2300 advertat
1291 2242 1370 2300 ad
1427 2242 1657 2316 legem,
1713 2240 1810 2298 cui
1864 2240 2018 2299 haec
2062 2240 2223 2298 actio

241 2331 583 2407 opponitur.

360 2421 669 2479 Moralitas
697 2420 980 2495 formalis
1022 2430 1111 2479 est
1152 2429 1318 2477 actus
1365 2418 1821 2479 «convenientia
1848 2420 1942 2476 vel
1984 2418 2224 2477 discon-

240 2511 539 2569 venientia
598 2527 733 2568 cum
795 2510 1002 2585 regula
1054 2510 1292 2567 interna
1344 2528 1450 2567 seu
1505 2507 1874 2567 conscientia
1928 2507 2220 2583 agentis»,

240 2599 369 2658 aliis
397 2599 628 2658 verbis:
675 2610 764 2657 est
806 2600 936 2675 ipsa
978 2600 1080 2657 illa
1105 2598 1415 2657 tendentia
1456 2597 1646 2656 libera
1673 2608 1839 2656 actus
1867 2597 2224 2655 considerata

235 2695 412 2767 prout
448 2690 678 2759 rationi,
723 2688 758 2747 i.
805 2707 857 2747 e.
900 2689 1101 2745 iudicio
1129 2688 1383 2764 practico
1423 2688 1542 2745 eius
1580 2688 1683 2763 qui
1717 2689 1858 2760 agit,
1899 2686 2102 2744 subest.

360 2776 524 2835 Talis
565 2778 867 2853 moralitas
909 2777 1165 2853 proinde
1209 2775 1597 2834 diiudicanda
1636 2785 1726 2835 est
1767 2794 1841 2834 ex
1881 2775 2100 2834 ordine
2131 2795 2224 2833 ac·

241 2866 417 2926 tionis
460 2885 595 2924 cum
639 2866 871 2925 ratione
914 2865 1014 2924 illa
1054 2864 1320 2942 practica
1375 2864 1622 2939 agentis·
1708 2865 1807 2922 Sic
1860 2864 2018 2922 actio
2059 2864 2222 2923 Petri

241 2958 329 3015 ius
371 2955 637 3015 carnium
689 2954 948 3015 bibentis
990 2954 1139 3013 feria
1179 2954 1473 3028 VInnullo
1516 2953 1702 3012 modo
1743 2952 1822 3011 de
1864 2953 1998 3027 lege
2058 2953 2222 3029 cogi-

240 3046 435 3117 tantiS,
480 3046 586 3103 sed
626 3054 853 3102 tantum
897 3044 975 3103 de
1016 3045 1269 3101 honesta
1323 3041 1594 3118 eorporis
1635 3041 1994 3115 refectione,
2049 3060 2222 3100 suam

241 3127 633 3193 moralitatem
679 3136 988 3193 formalem
1028 3133 1212 3192 habet
1254 3152 1327 3191 ex
1369 3129 1582 3191 ordine
1624 3131 1703 3190 ad
1730 3130 2023 3191 rationem
2049 3150 2221 3206 prac-

241 3223 420 3282 ticam
448 3223 607 3281 Petri
649 3223 727 3281 ad
768 3218 1080 3282 honestam
1123 3220 1394 3298 corporis
1436 3220 1828 3283 refectionem
1862 3229 2093 3279 tantum
2123 3220 2222 3279 ad·

370 3403 385 3433 ¹
422 3406 574 3452 Marc
606 3406 639 3453 l.
680 3421 722 3453 c.
764 3407 803 3466 I,
843 3422 893 3455 n.
935 3419 1053 3467 294.
