2367 3850
1348 0 1359 8 .
1381 0 1398 8 -
1427 1 1430 3 ,
1479 0 1632 11 ,-.--..,-

1466 16 1478 27 .
1627 0 2321 192 ..ὙΨἿ-ΝἿ

2002 39 2026 52 ο.

2041 62 2051 70 ι
2080 54 2090 65 ⁸
2121 51 2132 60 ⁹

301 236 404 284 204
935 235 1264 272 THEOLOGIA
1304 233 1641 272 NATURALIS.

419 383 573 442 Pars
625 384 711 441 JJ.
795 383 962 442 Deus
1016 390 1100 440 est
1147 383 1469 441 substantia
1520 383 1803 457 quaedam
1858 390 2147 441 individua
2184 382 2262 439 vel
2321 332 2322 418 i

294 474 621 548 singularis.
699 473 976 549 Sequitur
1029 489 1103 531 ex
1159 471 1285 531 eius
1340 473 1611 548 perfecta
1664 472 1893 531 unitate
1948 473 2047 530 vel
2098 471 2260 528 unici·

297 574 415 623 tate
433 609 448 636 ,
505 581 624 638 qua
669 565 734 620 fit
748 607 763 634 ,
819 572 884 620 ut
923 563 1053 638 ipsa
1092 561 1451 638 possibilitas
1493 562 1749 638 plurium
1794 563 2049 621 deorum
2090 561 2263 620 exclu-

296 653 470 712 datur
497 653 529 711 ¹.

417 743 496 800 Et
535 759 600 802 re
637 740 884 817 quidem
909 757 1070 813 vera,
1111 740 1159 798 si
1186 743 1352 799 Deus
1379 750 1534 800 esset
1560 741 1884 799 universale
1914 739 2084 816 quid,
2124 739 2265 798 notis

297 830 830 891 determinantibus
857 829 1215 888 individuari
1235 839 1465 905 posset:
1500 829 1663 905 quod
1691 839 1991 904 repugnat
2018 827 2265 886 infinitae

297 921 476 998 ipsius
518 919 892 996 perfectioni.

415 1012 734 1069 Praeterea
775 1004 871 1082 (ex
912 1003 1198 1083 aseitate)‚
1244 1009 1292 1067 si
1335 1009 1499 1067 Deus
1542 1018 1695 1068 esset
1736 1007 2075 1068 universale
2116 1007 2265 1082 quid,

297 1100 442 1159 illud
481 1098 818 1158 universale
858 1097 1106 1174 propria
1147 1115 1252 1156 sua
1294 1097 1551 1156 essentia
1593 1107 1653 1157 et
1691 1097 1950 1173 proinde
1999 1115 2121 1172 qua
2159 1095 2270 1153 uni-

296 1189 524 1248 versale
567 1187 871 1248 exsisteret
911 1198 1062 1246 actu.
1119 1188 1174 1244 T
1176 1205 1294 1245 unc
1322 1196 1521 1245 autem
1548 1187 1907 1246 haberemus
1934 1187 2136 1262 plures
2167 1203 2265 1256 reS,

297 1295 452 1354 quae
509 1279 616 1336 sub
671 1277 888 1336 eodem
941 1287 1218 1352 respectu
1272 1285 1470 1335 essent
1509 1294 1723 1347 unum,
1778 1277 1877 1335 vel
1926 1294 2115 1334 unum
2156 1293 2265 1340 ens,

299 1368 463 1442 quod
517 1367 625 1426 sub
681 1366 900 1426 eodem
953 1376 1229 1441 respectu
1284 1376 1439 1425 esset
1492 1366 1691 1423 multa.
1790 1365 1978 1438 Quod
2034 1364 2266 1422 omnino

297 1466 592 1533 repugnat
610 1456 646 1515 ².

417 1548 582 1621 Ergo
611 1547 774 1604 Deus
816 1562 941 1603 non
985 1554 1074 1604 est
1114 1545 1447 1604 universale
1478 1544 1641 1620 quid,
1686 1544 1793 1604 sed
1834 1543 2147 1603 individua
2184 1543 2266 1601 vel
2329 1606 2330 1626 χ

299 1634 608 1711 singularis
651 1635 994 1693 substantia.

417 1759 572 1817 Pars
598 1758 722 1816 III.
784 1757 952 1816 Deus
979 1764 1062 1815 est
1083 1757 1400 1814 substantia
1436 1759 1702 1833 completa
1728 1759 1953 1815 ratione
1983 1757 2263 1833 praedita,

298 1851 391 1906 sui
427 1850 589 1917 iuris,
634 1847 716 1906 ita
756 1857 820 1905 ut
861 1847 933 1905 sit
974 1849 1140 1906 Deus
1180 1856 1516 1918 personalis.

427 1968 473 2005 1.
519 1948 625 2005 Est
665 1944 989 2005 substantia
1016 1926 1302 2021 completa,
1346 1946 1613 2020 alioquin
1655 1944 1955 2020 indigeret
1996 1945 2111 2003 alia
2150 1943 2265 2001 sub·
2331 1934 2332 1987 ἶ

298 2036 513 2095 stantia
565 2045 628 2094 ut
683 2034 980 2110 principio
997 2081 1011 2106 ,
1075 2053 1212 2114 cum
1266 2052 1389 2109 quo
1445 2034 1829 2110 operationes
1885 2052 2019 2093 suas
2074 2048 2268 2092 omnes

301 2127 538 2185 faceret.
622 2123 796 2198 Quae
838 2123 1167 2199 indigentia
1210 2133 1505 2199 repugnat
1544 2132 1792 2181 naturae
1835 2123 1953 2182 Dei
1996 2122 2265 2181 infinitae.

425 2244 473 2280 2.
519 2225 624 2281 Est
652 2222 976 2281 substantia
1002 2222 1227 2279 ratione
1239 2221 1530 2296 praedita.
1586 2222 1712 2280 Ens
1742 2220 1905 2280 enim
1947 2221 2093 2280 illud
2134 2240 2171 2277 a
2194 2236 2266 2287 se,

301 2312 464 2387 quod
494 2314 689 2371 Deum
719 2330 1018 2382 vocamus,
1063 2320 1152 2369 est
1178 2329 1357 2369 causa
1387 2310 1654 2369 efficiens
1683 2310 2021 2385 adaequata
2058 2309 2265 2369 entium

303 2400 535 2460 ratione
579 2401 1003 2477 praeditorum,
1047 2402 1256 2475 quales
1297 2410 1431 2458 sunt
1473 2399 1708 2458 animae
1750 2400 2069 2459 humanae.
2148 2400 2269 2456 Per-

303 2491 485 2550 fectio
528 2490 784 2566 proinde
828 2489 1236 2547 rationalitatis
1293 2499 1457 2547 certo
1504 2488 1566 2545 in
1612 2488 1744 2565 ipso
1785 2488 2042 2547 inveniri
2084 2488 2266 2547 debet.

301 2582 618 2640 Praeterea
659 2598 732 2639 ex
774 2577 904 2655 ipsa
932 2577 1047 2637 Dei
1089 2577 1394 2649 infinitate,
1442 2596 1686 2637 necnon
1729 2597 1803 2638 ex
1844 2578 1996 2638 thesi
2039 2578 2117 2637 de
2146 2580 2267 2635 Deo

299 2670 468 2729 huius
524 2668 733 2728 mundi
776 2667 1119 2728 ordinatore
1161 2667 1625 2743 sapientissime,
1677 2668 1831 2727 haec
1873 2667 2091 2727 veritas
2129 2668 2269 2726 ultro

300 2770 567 2835 apparet.

339 2876 346 2883 ·
422 2876 476 2932 3.
534 2858 641 2915 Est
682 2857 848 2914 Deus
890 2855 1215 2914 substantia
1257 2854 1566 2913 individua
1607 2855 1839 2914 ratione
1882 2854 2153 2931 praedita
2192 2854 2275 2910 sui

297 2948 472 3015 iuris,
530 2945 567 3004 i.
614 2964 665 3004 e.
712 2946 875 3003 Deus
926 2944 1285 3020 personaliS‚
1344 2943 1614 3018 alioquin
1669 2954 1823 3004 esset
1878 2944 2056 3016 aliuS,
2114 2941 2267 3018 quod

299 3054 580 3110 magnam
622 3034 954 3093 involveret
993 3032 1511 3109 imperfectionem
1528 3081 1542 3105 ,
1600 3044 1891 3109 quatenus
1934 3035 2267 3109 importaret

299 3123 785 3201 dependentiam.
869 3125 1185 3183 Praeterea
1243 3142 1383 3182 «ens
1434 3142 1470 3181 a
1511 3142 1609 3183 se»
1658 3132 1717 3182 et
1765 3142 1925 3182 «non
1968 3122 2053 3182 sui
2103 3120 2259 3179 iuris»

300 3224 434 3272 sunt
475 3213 648 3273 ideae
691 3223 1106 3289 repugnantes

427 3417 444 3449 ¹
482 3421 560 3467 Cf.
601 3437 754 3485 supra
789 3438 840 3484 p.
887 3433 1000 3481 199.
1149 3419 1171 3451 ²
1211 3422 1287 3472 Cf.
1328 3424 1425 3472 vol.
1465 3425 1503 3483 Ι,
1552 3432 1667 3484 147.
