2367 3850
479 233 557 268 DE
597 234 712 270 DEO
753 234 950 269 RERUM
989 233 1225 270 OMNIUM
1266 232 1738 270 CONSERVATom-t.
1996 231 2097 281 213

229 380 415 452 Quae
456 381 736 440 doctrina
790 363 1142 456 theologice‘
1169 380 1439 456 inspecta
1487 391 1652 440 certa
1692 390 1797 440 est.
1884 379 2099 440 Nititur

112 469 272 526 enim
317 469 544 545 apertis
587 470 646 527 S.
693 470 1034 544 Scripturae
1076 468 1456 528 testimoniis:

233 557 504 618 «Omnia
545 577 656 635 per
697 560 890 634 ipsum
934 570 992 617 et
1035 558 1096 616 in
1137 558 1272 634 ipso
1300 567 1502 617 creata
1530 568 1697 632 sunt3
1739 569 1799 618 et
1840 558 1968 634 ipse
2011 569 2100 618 est

108 657 246 705 ante
294 665 512 707 omnes
554 657 614 706 et
657 647 861 706 omnia
901 648 962 706 in
1005 648 1137 723 ipso
1180 656 1491 706 constant»
1540 642 1694 722 (Col.
1746 669 1795 720 1,
1846 651 1917 706 16
1950 641 2099 724 sq.);

233 739 531 796 ‹Portans
572 737 777 795 omnia
817 739 1005 797 verbo
1045 736 1273 796 virtutis
1314 755 1489 796 suae»
1538 732 1750 812 (Hebr.
1804 757 1852 807 1,
1898 731 1993 813 3);

239 829 356 883 ‹In
397 827 530 902 ipso
573 827 735 886 enim
778 826 1043 900 vivimuS,
1089 837 1148 884 et
1190 823 1518 898 movemur,
1562 837 1621 886 et
1662 844 1892 885 sumus»
1940 821 2097 900 (Act.

119 932 207 986 17,
259 909 400 991 28);

113 1030 171 1077 et
213 1030 309 1079 est
355 1022 692 1080 communis
736 1022 836 1082 SS.
881 1023 1120 1082 Patrum
1163 1032 1224 1081 et
1264 1021 1681 1097 theologorum
1722 1021 2031 1081 sententia.

229 1179 446 1229 Thesis
483 1181 763 1243 probatio.
841 1191 888 1230 1.
919 1170 1178 1229 Ratione.
1239 1171 1623 1230 Manifestum
1652 1179 1741 1229 est
1768 1188 1977 1229 omnes
2005 1189 2100 1229 res

111 1267 367 1330 creatas,
417 1270 738 1334 postquam
782 1261 858 1319 de
887 1260 1154 1336 potentia
1198 1259 1520 1320 exsistendi
1561 1259 1639 1318 ad
1680 1270 1876 1319 actum
1919 1270 2099 1318 trans·

116 1344 330 1418 ierunt,
361 1365 488 1406 non
517 1349 792 1408 desinere
814 1367 942 1408 esse
962 1368 1056 1409 res
1075 1349 1522 1424 contingentes:
1555 1367 1757 1408 earum
1787 1348 1947 1408 enim
1964 1368 2100 1425 pro-

114 1433 320 1493 ductio
364 1437 510 1512 ipsis
551 1437 656 1496 dat
685 1437 1084 1498 exsistentiam
1111 1440 1425 1510 actualem,
1468 1457 1595 1497 non
1622 1448 1819 1496 autem
1848 1439 2099 1496 necessi·

115 1531 298 1582 tatem
319 1525 661 1585 exsistendi.
697 1526 956 1586 Proinde
978 1528 1346 1587 continuatio
1369 1527 1743 1586 exsistentiae
1762 1545 1885 1585 non
1905 1527 2099 1586 minus

117 1629 296 1685 quam
341 1614 574 1672 initium
618 1617 862 1675 effectus
904 1617 1147 1692 quidam
1191 1627 1295 1689 est,
1340 1616 1443 1691 qui
1486 1635 1725 1676 causam
1767 1617 1854 1675 sui
1880 1616 2101 1676 habeat

118 1713 376 1776 oportet.
460 1707 590 1762 Iam
644 1723 789 1763 vero
846 1723 1024 1764 causa
1077 1707 1178 1763 illa
1233 1725 1356 1764 non
1412 1717 1610 1782 potest
1662 1724 1792 1765 esse
1836 1723 1929 1764 res
1970 1705 2099 1780 ipsa

119 1792 500 1863 continuata,
559 1813 740 1868 quae,
799 1812 934 1852 cum
978 1794 1051 1854 sit
1092 1795 1477 1871 contingenS,
1534 1794 1933 1854 exsistentiam
1975 1814 2097 1854 non

119 1883 300 1942 habet
357 1901 402 1961 a⁴
435 1900 518 1942 se.
602 1884 918 1943 Praeterea
972 1901 1098 1943 non
1140 1884 1255 1943 nisi
1311 1903 1446 1944 cum
1503 1884 1813 1944 manifesta
1868 1893 2097 1943 contra-

123 1972 387 2031 dictione
431 1973 691 2048 supponi
734 1983 929 2049 potest
971 1993 1096 2033 rem
1139 1984 1404 2033 creatam
1458 1992 1587 2033 sese
1632 1974 1821 2050 ipsam
1863 1992 2096 2033 conser-

121 2080 276 2120 vare.
337 2061 504 2119 Talis
532 2061 692 2119 enim
734 2062 891 2121 actio
934 2082 1061 2121 rem
1091 2063 1569 2122 conservandam
1610 2064 1671 2121 in
1715 2074 2019 2122 momento
2050 2066 2096 2120 B

123 2150 288 2209 simul
332 2162 700 2225 supponeret
741 2151 1119 2210 exsistentem
1161 2163 1221 2211 et
1263 2168 1384 2209 non
1442 2152 1849 2211 exsistentem:
1907 2153 2097 2229 ipsam

122 2249 492 2315 supponeret
533 2238 926 2312 exsistentem,
971 2241 1120 2300 sicut
1161 2241 1319 2299 actio
1360 2240 1645 2317 supponit
1685 2252 1993 2317 agentem,
2038 2252 2099 2301 et

125 2327 288 2386 simul
320 2327 516 2403 ipsam
546 2340 910 2405 supponeret
927 2350 1052 2389 non
1071 2332 1469 2403 exsistentem,
1502 2330 1642 2405 quia
1660 2348 1793 2389 eam
1815 2332 2094 2389 efficeret.

125 2418 316 2475 Causa
356 2416 616 2493 proinde
659 2419 1118 2479 continuationis
1161 2419 1534 2478 exsistentiae
1564 2430 1652 2478 est
1681 2420 1741 2477 in
1770 2420 1905 2490 ali0,
1949 2419 2099 2478 sicut

126 2524 296 2565 causa
327 2506 456 2564 eius
483 2506 650 2566 initii.
695 2507 1224 2579 Quemadmodum
1254 2519 1448 2567 autem
1479 2527 1573 2567 res
1601 2518 1835 2567 creatae
1866 2510 1941 2567 ab
1971 2508 2099 2568 aliis

125 2596 295 2654 rebus
329 2596 544 2653 creatis
572 2597 839 2671 pendere
867 2608 1114 2672 possunt
1143 2598 1346 2673 quoad
1374 2597 1500 2656 fieri
1530 2599 1623 2655 vel
1652 2596 1943 2673 generari,
1974 2598 2010 2657 i.
2042 2616 2093 2657 e.

127 2685 326 2758 quoad
356 2684 740 2743 eductionem
771 2704 974 2745 earum
1005 2688 1234 2745 formae
1265 2705 1337 2745 ex
1364 2686 1633 2763 potentia
1673 2688 1973 2758 materiae,
2019 2687 2098 2745 ita

127 2791 367 2849 quoque
411 2772 634 2831 viribus
673 2774 934 2849 ipsarum
977 2775 1207 2833 illarum
1250 2794 1445 2835 rerum
1485 2775 1826 2834 conservari
1854 2786 2098 2850 possunt

124 2861 180 2919 in
206 2882 319 2922 sua
346 2864 562 2920 forma.
623 2864 742 2923 Sed
772 2863 938 2937 sicut,
983 2864 1348 2941 experientia
1377 2874 1542 2935 teste,
1587 2865 1747 2923 nulla
1776 2882 1872 2923 res
1900 2875 2099 2923 creata

125 2952 294 3010 aliam
340 2968 470 3009 rem
513 2953 790 3028 producit
817 2972 891 3013 ex
919 2953 1106 3012 nihilo
1137 2954 1225 3012 sui
1254 2964 1313 3013 et
1339 2954 1586 3013 subiecti
1616 2950 1867 3028 (formae
1896 2964 1956 3013 et
1982 2972 2100 3013 ma-

123 3036 345 3115 teriae),
392 3039 474 3097 ita
511 3041 776 3117 singulae
807 3062 899 3102 res
930 3054 1165 3103 creatae
1194 3045 1487 3101 secundum
1515 3050 1690 3100 totum
1721 3038 1778 3117 (i.
1811 3061 1861 3101 e.
1896 3061 2099 3102 secun-

125 3131 257 3189 dum
301 3130 614 3189 materiam
659 3143 717 3191 et
747 3130 1024 3209 formam)
1055 3143 1483 3191 conservantur
1510 3152 1548 3189 a
1574 3132 1707 3190 Deo
1734 3135 1862 3190 solo,
1923 3133 2096 3205 Quae

125 3221 368 3294 quidem
390 3222 765 3281 conservatio
786 3222 932 3281 nihil
961 3215 1120 3280 aliud
1151 3232 1238 3281 est
1267 3222 1382 3280 nisi
1408 3222 1734 3281 continuata
1761 3224 1851 3279 rei
1874 3225 2093 3281 creatio,

241 3340 294 3377 2.
315 3318 674 3377 Auctoritate
692 3320 748 3379 S.
773 3319 1079 3379 Doctoris:
1109 3319 1416 3395 «Oportet,
1430 3338 1456 3370 »
1482 3318 1689 3394 inquit,
1718 3320 1917 3393 «quod
1934 3318 2097 3378 idem

127 3408 188 3467 sit
230 3425 414 3467 causa
454 3407 542 3468 rei
583 3420 645 3469 et
686 3408 1155 3469 conservationis
1183 3408 1383 3485 ipsiuS,
1425 3427 1565 3466 nam
1597 3407 1983 3467 conservatio
2012 3409 2099 3467 rei
