2367 3850
634 178 712 212 DE
751 178 1123 215 ARGUMENTIS
1164 179 1604 216 METAPHYSICIS.
2015 176 2106 226 171

124 333 289 381 motu
331 325 759 400 cognoscimus
796 344 904 385 ens
941 347 978 384 a
1018 343 1082 385 se
1122 338 1186 385 ut
1216 327 1472 402 primum
1501 337 1796 386 motorem
1827 325 2113 396 omnium,

126 412 318 486 ipsum
381 413 787 488 immobilem3
848 427 1201 490 argumento
1257 434 1332 475 ex
1385 416 1708 475 efficientia
1761 415 2117 491 assurgimus

126 500 201 558 ad
260 519 377 558 ens
446 521 484 560 a
552 520 616 561 se
676 503 945 562 omnium
1015 523 1256 564 causam
1321 505 1576 581 primam
1645 504 2118 581 improductam3

128 601 486 664 argumento
543 609 617 649 ex
660 592 1073 669 contingentia
1122 612 1232 652 ens
1281 613 1318 652 a
1360 612 1424 652 se
1464 593 1642 653 nobis
1697 593 2017 654 innotescit
2056 604 2120 652 ut

125 697 229 735 ens
280 681 722 754 necessarimm
777 693 1132 758 argumento
1182 702 1327 742 vero
1369 683 1734 758 henologico
1751 729 1764 755 ‚
1817 693 1880 741 ut
1921 700 2120 759 supre-

126 787 283 826 mum
315 779 383 826 et
408 768 705 829 infinitum
726 771 921 830 omnis
940 772 1328 848 perfectionis
1348 772 1740 848 principiumz,
1767 781 2120 848 argumento

127 857 395 932 denique
440 859 788 935 ideologico
805 907 819 932 ‚
875 871 939 919 ut
985 872 1294 920 aeternum
1350 862 1546 920 omnis
1600 860 1862 920 veritatis
1919 859 2121 919 funda·

130 958 398 1006 mentum
442 949 541 1006 vel
584 949 821 1008 Veritas
861 960 1127 1009 aeterna.

456 1122 491 1190 ἓ
538 1140 582 1176 1.
647 1130 1062 1190 Argumentum
1102 1129 1434 1193 proponitur
1470 1144 1540 1178 ex
1576 1136 1738 1178 motu
1764 1125 1799 1178 ¹.

244 1249 521 1308 Mundus
563 1258 837 1320 movetur,
896 1251 931 1310 i.
976 1271 1029 1311 e.
1075 1252 1286 1310 transit
1339 1250 1416 1310 de
1474 1250 1740 1326 potentia
1795 1249 1872 1308 ad
1928 1259 2124 1308 actum

134 1339 427 1398 ulterioris
471 1340 879 1415 perfectionis,
966 1340 1240 1400 Etenim:

251 1516 271 1548 ¹
310 1519 362 1566 A
401 1518 456 1568 S.
488 1519 721 1567 Doctore
759 1519 859 1568 hoc
896 1528 1250 1584 argumentum
1291 1517 1370 1582 (S.
1409 1517 1567 1568 theol.
1607 1519 1646 1578 1,
1686 1535 1735 1584 q.
1777 1529 1825 1579 2,
1867 1534 1911 1566 a.
1955 1513 2012 1579 3)
2053 1517 2126 1565 sic

134 1599 435 1662 exponitur:
498 1599 695 1648 «Prima
731 1608 898 1649 autem
935 1609 987 1649 et
1024 1599 1340 1648 manifestior
1374 1600 1456 1648 via
1493 1607 1593 1658 est,
1647 1614 1776 1662 quae
1815 1597 2026 1646 sumitur
2069 1612 2128 1644 ex

136 1687 273 1742 parte
310 1686 501 1728 motus.
578 1679 787 1728 Certum
824 1689 901 1729 est
938 1680 1075 1729 enim
1113 1688 1167 1728 et
1201 1695 1353 1728 sensu
1391 1687 1592 1729 constat
1627 1677 1794 1742 aliqua
1839 1676 2030 1726 moveri
2078 1675 2128 1722 in

140 1759 231 1807 hoc
268 1760 483 1808 mundo.
564 1757 730 1808 Om'ne
770 1769 935 1808 autem
974 1760 1113 1824 quod
1151 1769 1412 1820 movetur,
1452 1759 1516 1808 ab
1556 1758 1655 1808 alio
1693 1765 1948 1816 movetur;
2002 1754 2130 1803 nihil

139 1839 264 1887 enim
302 1848 541 1889 movetur
578 1840 673 1889 nisi
713 1841 993 1890 secundum
1044 1841 1185 1905 quod
1234 1847 1312 1890 est
1363 1840 1414 1887 in
1467 1838 1698 1904 potentia
1748 1837 1813 1884 ad
1865 1835 2012 1898 illud,
2067 1835 2132 1882 ad

141 1921 270 1984 quod
321 1930 574 1971 movetur.
650 1921 829 1972 Movet
880 1930 1046 1971 autem
1098 1921 1293 1987 aliquid
1344 1919 1622 1970 secundum
1675 1918 1812 1983 quod
1859 1926 1934 1967 est
1985 1926 2130 1971 actu;

141 2017 337 2050 movere
376 2002 515 2050 enim
554 2002 679 2050 nihil
717 2002 856 2052 aliud
893 2010 969 2052 est
1007 2017 1159 2067 quam
1199 2002 1416 2050 educere
1455 2000 1645 2063 aliquid
1684 2000 1748 2047 de
1799 1997 2029 2062 potentia
2081 1994 2131 2041 in

143 2089 316 2131 actum.
394 2084 481 2131 De
519 2083 753 2146 potentia
789 2092 957 2132 autem
1010 2098 1114 2131 non
1168 2090 1339 2146 potest
1391 2080 1580 2145 aliquid
1632 2078 1803 2127 reduci
1856 2078 1906 2126 in
1947 2084 2130 2133 actum,

142 2162 229 2209 nisi
266 2179 363 2227 per
400 2163 613 2228 aliquod
652 2179 743 2211 ens
779 2163 830 2211 in
868 2172 1011 2221 πως
1052 2162 1182 2210 sicut
1221 2160 1435 2209 calidum
1475 2160 1526 2208 in
1565 2168 1696 2218 actu,
1735 2166 1790 2205 ut
1827 2157 1972 2223 ignis,
2013 2153 2134 2203 facit

142 2240 355 2306 lignum,
397 2243 541 2307 quod
578 2251 659 2292 est
695 2243 914 2292 calidum
952 2243 1005 2291 in
1043 2242 1306 2307 potentia,
1348 2256 1459 2291 esse
1499 2248 1614 2288 actu
1653 2238 1898 2296 calidum,
1953 2244 2004 2284 et
2041 2249 2134 2297 per

148 2322 233 2371 hoc
270 2331 445 2373 movet
482 2330 534 2372 et
572 2322 751 2373 alterat
790 2324 971 2388 ipsum.
1022 2322 1144 2373 Non
1184 2330 1352 2371 autem
1391 2330 1467 2370 est
1505 2318 1766 2387 possibile,
1806 2326 1860 2366 ut
1895 2317 2030 2365 idem
2069 2314 2135 2361 sit

145 2402 279 2451 simul
320 2404 373 2452 in
415 2412 535 2453 actu
572 2412 623 2453 et
660 2405 888 2468 potentia
938 2404 1224 2453 secundum
1276 2402 1410 2451 idem
1429 2441 1440 2462 ,
1499 2401 1591 2449 sed
1642 2398 1804 2447 solum
1855 2395 2133 2446 secundum

148 2483 349 2533 diversa.
432 2483 589 2546 Quod
627 2484 765 2533 enim
804 2493 880 2535 est
918 2483 1138 2534 calidum
1178 2484 1231 2531 in
1269 2492 1413 2543 actu,
1468 2497 1571 2529 non
1609 2486 1779 2544 potest
1829 2475 1970 2525 simul
2023 2489 2133 2521 esse

148 2563 355 2611 calidum
397 2564 449 2612 in
490 2564 738 2630 potentia,
779 2565 870 2613 sed
908 2570 987 2615 est
1026 2564 1175 2612 simul
1214 2563 1451 2627 frigidum
1490 2562 1542 2609 in
1581 2558 1826 2624 potentia.
1899 2552 2132 2617 Impossi-

147 2642 239 2691 bile
276 2653 353 2693 est
390 2660 550 2709 ergo,
590 2646 759 2709 quod,
814 2645 1096 2694 secundum
1135 2644 1272 2691 idem
1309 2652 1360 2692 et
1399 2642 1581 2691 eodem
1619 2638 1801 2697 modo,
1843 2633 2034 2699 aliquid
2072 2632 2134 2679 sit

150 2740 341 2773 movens
380 2732 435 2773 et
473 2730 695 2785 motum,
746 2725 826 2775 vel
865 2724 1006 2789 quod
1044 2732 1244 2772 moveat
1281 2739 1335 2772 se
1374 2722 1551 2786 ipsum.
1629 2720 1792 2767 Omne
1832 2728 1956 2777 ergo
1995 2710 2132 2775 quod

148 2814 393 2865 movetur,
450 2813 657 2869 oportet
710 2806 775 2853 ab
822 2804 925 2854 alio
976 2803 1184 2853 moveri.
1264 2802 1315 2851 Si
1355 2817 1477 2865 ergo
1518 2800 1597 2860 id,
1653 2816 1682 2847 a
1733 2812 1834 2861 quo
1887 2794 2128 2849 movetur,

152 2894 413 2946 moveatur,
453 2893 660 2949 oportet
699 2894 749 2934 et
787 2886 953 2950 ipsum
992 2884 1061 2932 ab
1098 2883 1204 2933 alio
1241 2882 1447 2941 moveri,
1488 2890 1537 2928 et
1576 2878 1700 2927 illud
1737 2875 1802 2924 a'b
1842 2873 1955 2922 alio.
2032 2868 2131 2915 Hic

149 2973 301 3013 autem
338 2981 445 3014 non
485 2974 563 3014 est
600 2967 883 3030 procedere
922 2966 972 3014 in
1015 2964 1266 3012 infinitum
1285 3002 1296 3023 ,
1353 2962 1468 3027 quia
1505 2960 1576 3008 sic
1614 2974 1716 3007 non
1753 2961 1887 3004 esset
1924 2946 2131 3011 aliquod

149 3045 353 3107 primum
393 3061 610 3095 movens
628 3084 639 3105 ,
693 3055 744 3094 et
781 3062 877 3112 per
914 3059 1238 3110 consequens
1256 3080 1268 3102 ,
1321 3057 1416 3090 nec
1453 3038 1658 3103 aliquod
1710 3034 1848 3085 aliud
1891 3041 2126 3082 movens3

152 3124 256 3187 quia
290 3125 553 3175 moventia
591 3128 819 3176 secunda
856 3141 961 3175 non
998 3130 1209 3174 'movent
1247 3120 1342 3169 nisi
1381 3135 1475 3183 per
1510 3118 1624 3178 hoc,
1665 3115 1804 3179 quod
1841 3118 1956 3161 sunt
1993 3111 2130 3155 mota

151 3221 176 3251 a
207 3207 369 3269 primo
410 3214 665 3267 movente,
706 3208 834 3255 sicut
871 3204 1087 3255 baculus
1125 3219 1229 3251 non
1269 3207 1440 3249 movet
1476 3198 1571 3246 nisi
1610 3211 1705 3262 per
1735 3194 1848 3250 hoc,
1889 3185 2027 3275 quod
2052 3194 2129 3231 est

154 3294 299 3335 motus
353 3304 385 3335 a
438 3303 608 3336 manu.
686 3287 825 3351 Ergo
877 3300 1089 3334 necesse
1140 3291 1219 3331 est
1270 3278 1507 3329 devenire
1554 3277 1619 3325 ad
1669 3268 1876 3335 aliquod
1911 3278 2128 3331 primum

152 3381 361 3429 movenS,
402 3368 545 3432 quod
585 3383 616 3415 a
652 3366 797 3417 nullo
835 3374 1093 3423 movetur3
1133 3371 1184 3411 et
1223 3362 1321 3409 hoc
1359 3372 1535 3406 omnes
1573 3352 1875 3413 intellegunt
1907 3346 2119 3391 Deum.»
