2367 3850
93 6 100 9 “
137 4 298 26 ““Γ”-Τί
368 4 432 22 ἴδ’·
466 4 494 17 ῤ’·
515 1 545 19 “¹⁷
562 2 585 12 *v
604 1 615 4 “
630 1 637 3 ”

364 241 828 280 OBSERVATIONES
865 241 1301 280 INSTITUUNTUR
1340 241 1827 280 PSYCHOLOGICAE.
2024 237 2090 288 27

102 391 258 465 quid
303 389 604 449 nocivum.
690 391 961 450 Facultas
1002 401 1220 461 autem,
1266 409 1301 448 a
1342 409 1463 464 qua
1503 390 1775 466 operatio
1819 389 1917 447 illa
1958 408 2091 465 pro·

99 479 292 551 cedit,
337 478 554 537 dicitur
594 480 964 538 aestimau'va.
1049 480 1150 537 Ab
1198 479 1565 538 aestimativa
1619 478 1876 555 proinde
1920 479 2089 538 effor-

99 579 352 627 mantur
389 569 599 626 iudicia
637 567 740 626 illa
789 569 1201 644 apprehensiva
1254 569 1349 628 vel
1390 569 1714 626 materialia
1758 569 1851 626 vel
1892 569 2091 644 imper·

85 657 286 731 fecta,
329 658 410 716 de
453 658 668 732 quibus
705 656 771 715 in
810 658 1008 734 logica
1049 657 1302 717 diximus
1325 659 1358 716 ¹.

229 746 626 806 Aestimativa
639 792 654 818 ,
712 765 847 806 cum
901 747 966 806 in
1019 746 1264 806 homine
1322 755 1569 822 propter
1620 745 1908 805 unionem
1952 764 2088 805 cum

98 837 418 896 intellectu
471 836 546 896 sit
600 835 908 896 nobilioris
969 835 1276 895 cuiusdam
1318 846 1563 894 naturae
1580 881 1594 907 ,
1645 853 1825 909 quam
1867 835 1930 893 in
1971 833 2092 892 ani-

99 926 369 985 malibus
409 925 612 995 brutis,
657 925 870 985 dicitur
911 927 1229 999 cogitativa.

561 1099 597 1168 ξ
636 1116 683 1152 2.
748 1104 908 1153 Circa
944 1104 1253 1166 appetitum
1290 1103 1646 1152 sensitivam.

231 1229 280 1288 Ι.
345 1230 496 1288 Eius
548 1239 702 1288 notio
756 1248 828 1288 ex
880 1229 1265 1288 observatione
1322 1231 1619 1304 colligitur.
1666 1261 1742 1270 —
1800 1230 2089 1289 Observa·

97 1319 374 1378 tionibus
413 1320 718 1394 hucusque
745 1317 1016 1378 institutis
1045 1329 1419 1393 compertum
1450 1319 1739 1378 habemus
1768 1338 1895 1392 nOS,
1941 1320 2089 1378 sieut

98 1408 395 1467 animalia
430 1409 620 1479 bruta,
663 1427 758 1468 res
786 1418 1060 1467 externas
1088 1425 1411 1484 corporeas
1445 1408 1920 1483 apprehendere,
1962 1426 2087 1467 non

99 1501 308 1556 solum
349 1497 411 1555 in
452 1516 517 1557 se
559 1508 620 1556 et
657 1498 926 1557 absolute
967 1506 1293 1573 spectatas,
1345 1496 1452 1555 sed
1494 1495 1673 1556 etiam
1713 1499 1775 1555 in
1814 1498 2089 1556 relatione

101 1606 315 1645 earum
341 1605 462 1645 cum
489 1595 682 1646 nostro
704 1589 848 1664 fine.
905 1585 1275 1662 Percipimus
1302 1584 1462 1645 enim
1491 1586 1555 1644 in
1583 1586 1724 1662 ipsis
1752 1598 2085 1663 respectum

99 1675 436 1753 specialem
477 1675 931 1736 convenientiae
974 1676 1068 1735 vel
1109 1673 1659 1735 disconvenientiae
1702 1695 1839 1734 cum
1882 1686 2087 1736 nostra

98 1765 502 1842 perfectione,
547 1765 674 1824 aliis
714 1765 940 1825 verbis:
984 1765 1491 1841 apprehendimus
1523 1765 1585 1824 in
1613 1763 1755 1839 ipsis
1780 1773 2083 1842 respectum

101 1856 247 1914 boni
283 1854 379 1914 vel
420 1856 574 1913 mali.

232 1956 316 2012 Et
366 1971 433 2013 re
477 1952 718 2029 quidem
760 1971 934 2025 vera,
991 1953 1483 2029 quotiescumque
1542 1953 1877 2013 functiones
1930 1953 2085 2013 vitae

100 2042 482 2118 vegetativae
524 2042 620 2101 vel
661 2041 818 2101 vitae
859 2041 1129 2100 animalis
1171 2041 1376 2100 debito
1419 2041 1603 2100 modo
1644 2042 1806 2113 fiunt,
1851 2042 1887 2104 i.
1920 2062 1971 2101 e.
2003 2061 2087 2101 se·

103 2131 379 2191 cundum
419 2129 746 2206 exigentias
798 2129 1255 2206 uniuscuiusque
1308 2130 1600 2189 facultatis
1618 2177 1631 2203 ,
1688 2132 1971 2189 sentimus
2023 2131 2087 2189 in

101 2221 292 2280 nobis
341 2220 740 2279 sensationem
795 2218 1098 2295 quandam
1139 2219 1461 2296 specialem
1478 2265 1492 2292 ,
1552 2238 1705 2295 quae
1748 2220 1963 2279 dicitur
2002 2220 2087 2278 de-

102 2310 333 2368 lectatio
374 2304 779 2385 (Vergniigen‚
810 2302 1069 2385 plaisir)3
1111 2306 1600 2384 quotiescumque
1644 2319 1841 2368 autem
1883 2327 2087 2385 opera-

101 2400 308 2459 tiones
349 2398 486 2457 illae
542 2400 605 2455 in
649 2408 814 2457 motu
869 2416 975 2457 suo
1030 2398 1192 2457 circa
1246 2398 1547 2458 obiectum
1599 2398 1909 2475 proprium
1963 2417 2087 2457 non

104 2488 322 2549 debito
363 2487 548 2545 modo
591 2497 960 2561 exercentur,
1006 2488 1289 2547 sentimus
1330 2488 1589 2546 dolorem.

229 2585 572 2644 Delectatio
627 2595 688 2643 et
727 2584 931 2657 dolor,
988 2602 1126 2643 cum
1182 2584 1300 2644 sint
1340 2585 1693 2645 sensationis
1743 2596 1923 2645 status
1965 2585 2088 2661 qui-

104 2677 254 2735 dam
284 2673 715 2752 primordialeS,
751 2674 900 2733 sicut
927 2675 1186 2734 sensatio
1216 2676 1361 2752 ipsa,
1406 2674 1640 2734 definiri
1667 2693 1793 2734 non
1821 2684 2083 2752 possunt,

106 2767 190 2824 ab
235 2763 514 2823 omnibus
553 2775 774 2836 tamen,
820 2764 922 2838 qui
963 2764 1239 2836 sentiunt,
1283 2764 1421 2823 satis
1463 2775 1920 2840 cognoscuntur.

232 2864 365 2919 Iam
392 2878 536 2920 vero
564 2860 666 2920 ubi
695 2860 952 2937 primum
980 2879 1054 2921 ex
1081 2861 1363 2921 exercitio
1402 2862 1692 2922 facultatis
1719 2862 2087 2937 vegetativae

105 2950 209 3010 vel
249 2968 458 3010 sensus
498 2948 959 3010 delectationem
999 2952 1095 3010 vel
1124 2951 1399 3010 dolorem
1425 2950 1803 3028 percipimuS,
1847 2950 2089 3009 inclina-

108 3058 246 3099 mur
288 3038 367 3097 ad
395 3038 801 3116 appetendum
839 3040 938 3099 vel
966 3040 1381 3116 refugiendum
1414 3058 1540 3099 non
1568 3041 1759 3099 solum
1786 3040 2085 3099 obiectum

109 3126 285 3187 huius
326 3128 634 3201 facultatiS‚
678 3129 786 3188 sed
827 3139 889 3188 et
927 3128 1118 3205 ipsam
1160 3128 1621 3188 delectationem
1662 3129 1758 3188 vel
1795 3127 2085 3198 dolorem,

111 3219 194 3277 ita
249 3227 313 3275 ut
367 3228 716 3293 appetamus
771 3236 898 3277 rem
953 3216 1414 3278 convenientem
1469 3227 1714 3294 propter
1770 3216 1894 3276 eius
1948 3236 2087 3276 con-

241 3428 260 3460 ι
299 3429 378 3479 cf.
418 3430 516 3479 vol.
554 3430 595 3491 1,
637 3443 721 3495 34.
