2367 3850
263 203 330 252 68
694 215 1200 252 ANTHROPOLOGIA.
1267 215 1403 252 PARS
1443 214 1789 252 ANALYTICA.

263 362 423 421 cedit
473 372 666 421 motus
722 363 850 434 ille,
912 380 1092 439 quem
1151 365 1471 423 instinctum
1532 382 1707 438 supra
1768 357 1846 437 (p.
1896 355 1994 438 54)
2062 377 2226 417 voca-

261 470 466 511 vimus,

388 569 438 608 2.
489 550 661 624 Quae
704 568 840 608 curn
883 550 962 608 ita
1004 550 1136 622 sint,
1184 568 1311 608 non
1352 549 1669 608 defuerunt
1708 547 2079 624 philosophi,
2136 547 2228 621 qui

263 639 325 696 in
365 639 497 713 ipso
539 639 842 698 intellectu
895 640 1035 697 talia
1074 640 1281 698 iudicia
1322 641 1646 697 instinctiva
1686 637 1994 713 posuerint
2010 683 2023 707 ,
2082 654 2229 710 quae

262 727 488 786 scilicet
528 747 652 786 non
683 747 756 786 ex
783 738 1099 804 perspecta
1127 728 1427 787 evidentia
1455 727 1769 797 obiectiva,
1814 727 1923 785 sed
1965 744 2039 784 ex
2080 743 2231 782 caeca

261 818 510 892 quadam
569 825 814 875 naturae
880 819 1237 893 impulsione
1301 818 1652 892 procedant.
1754 817 1934 875 Tales
2004 817 2231 874 fuerunt

261 907 752 964 sentimentalzktae
767 953 784 976 ‚
841 919 992 981 quos
1049 917 1285 966 vocant.
1370 907 1594 964 Eorum
1648 913 1792 964 vero
1849 906 1971 963 dux
2021 904 2231 962 exstitit

264 995 420 1053 Reid
435 997 465 1052 ¹.
550 998 607 1053 Is
656 1013 826 1054 «cum
869 996 1309 1071 scepticismum
1350 994 1702 1072 impugnare
1744 995 1956 1065 vellet,
2004 992 2231 1051 Lockio

264 1096 323 1142 et
352 1086 578 1143 Humio
608 1102 738 1143 sese
767 1085 1066 1160 opposuit,·
1104 1103 1336 1161 negans
1362 1102 1574 1143 omnes
1603 1084 1979 1164 cognitiones
2005 1090 2232 1140 nostras

265 1191 336 1232 ex
377 1174 505 1232 sola
545 1175 883 1232 sensatione
926 1174 1218 1250 originem
1260 1175 1497 1232 ducere.
1558 1172 1940 1231 Sensationes
1968 1173 2065 1230 vel
2106 1171 2232 1229 sim-

266 1263 613 1338 plicissimas
656 1258 740 1339 (ut
781 1264 1234 1339 perceptionem
1266 1257 1488 1338 odoris)
1518 1264 1635 1320 iam
1678 1262 1896 1321 iudicia
1942 1260 2232 1336 quaedam

263 1353 597 1410 necessaria
660 1363 717 1411 et
771 1353 1127 1412 universalia
1188 1352 1467 1411 adiuncta
1521 1353 1744 1410 habere
1799 1351 2079 1426 opinatus
2133 1360 2232 1419 est,

265 1443 327 1500 in
371 1459 491 1516 quo
532 1459 754 1517 genere
799 1453 996 1501 essent
1036 1441 1334 1518 principia
1374 1441 1734 1500 substantiae
1777 1451 1837 1498 et
1863 1438 2234 1498 causalitatis

266 1532 441 1588 Haec
497 1529 672 1605 igitur
714 1530 932 1589 iudicia
973 1530 1271 1606 primitiva
1312 1549 1387 1589 ex
1430 1529 1797 1606 experientia
1850 1529 2073 1587 hauriri
2113 1545 2234 1585 non

266 1637 458 1693 posse.
544 1621 633 1677 Ea
690 1620 874 1678 fassus
930 1631 1017 1678 est
1057 1638 1181 1677 non
1238 1637 1367 1679 esse
1420 1619 1597 1677 nobis
1649 1618 1854 1676 innata
1908 1628 1971 1675 ut
2020 1615 2235 1674 iudicia

266 1707 388 1766 sive
419 1707 711 1782 principia
741 1709 1033 1783 explicita.
1091 1709 1305 1783 Neque
1334 1708 1503 1766 scivit
1529 1726 1602 1766 ea
1638 1724 1746 1783 per
1774 1707 2233 1765 abstractionem

267 1797 344 1853 ab
399 1797 805 1872 intellegentia
857 1807 996 1873 post
1049 1797 1479 1873 experientiam
1536 1796 1779 1854 formari
1833 1813 2030 1872 posse.
2124 1797 2235 1852 Re-

267 1885 490 1961 liquum
534 1886 710 1962 igitur
753 1897 896 1957 erat,
942 1896 1004 1945 ut
1046 1887 1289 1957 diceret,
1335 1904 1407 1946 ea
1449 1905 1485 1945 a
1526 1887 1700 1945 nobis
1735 1884 1961 1945 admitti
1992 1892 2237 1961 propter

266 1975 606 2033 instinctum
650 1993 897 2034 caecum
939 1987 1184 2034 naturae
1228 1986 1464 2034 nostrae
1493 1976 1764 2033 inditum.
1824 1976 1966 2033 Eius
2003 1974 2239 2049 generis

267 2065 579 2139 principia,
629 2083 782 2139 quae
827 2066 904 2123 ab
946 2065 1223 2124 omnibus
1264 2064 1604 2123 hominibus
1646 2075 1891 2141 propter
1933 2063 2241 2121 invincibi-

265 2155 385 2211 lem
425 2164 671 2211 naturae
712 2153 999 2229 impetum
1043 2154 1507 2225 admitterentur,
1550 2153 1881 2233 numeravit
1924 2163 2121 2211 oct0.»
2141 2153 2163 2185 ²

384 2242 737 2299 Doctrinam
796 2242 1047 2301 similem
1103 2262 1138 2300 a
1193 2245 1361 2301 Kant
1414 2243 1630 2302 scimus
1686 2260 1814 2301 esse
1869 2241 2240 2317 propositam

266 2330 328 2388 in
369 2330 598 2389 iudiciis
639 2330 752 2390 illis
794 2332 1137 2407 syntheticis
1179 2352 1215 2389 a
1257 2332 1442 2408 priori
1484 2331 1851 2408 explicandis
1871 2332 1908 2388 ⁸.

387 2420 506 2477 Sed
547 2421 726 2478 talem
768 2431 1014 2480 naturae
1057 2422 1375 2496 impulsum
1416 2440 1629 2479 caecum
1679 2439 1889 2480 revera
1942 2421 2241 2489 exsistere,

263 2509 427 2566 nulla
468 2508 832 2584 experientia
874 2510 1084 2581 docet,
1127 2509 1313 2568 immo
1370 2528 1444 2569 ex
1484 2510 1578 2582 iis,
1628 2528 1783 2585 quae
1824 2520 2036 2568 contra
2078 2510 2247 2566 Kant

265 2596 599 2668 statuimuS,
658 2608 864 2673 aperte
907 2598 1124 2657 scimus
1167 2600 1370 2657 omnia
1412 2598 1632 2657 iudicia
1670 2610 1874 2657 nostra
1915 2608 2097 2668 certa,
2148 2598 2244 2655 vel

267 2685 396 2760 ipsa
436 2685 656 2744 iudicia
696 2688 1051 2758 necessaria,
1097 2688 1240 2745 oriri
1293 2706 1418 2746 non
1461 2706 1535 2746 ex
1575 2706 1759 2747 caeca
1800 2686 2090 2762 synthesi,
2134 2686 2245 2745 sed

265 2792 338 2831 ex
380 2775 677 2834 evidentia
719 2775 1016 2834 obiectiva
1059 2777 1247 2835 menti
1289 2795 1419 2835 sese
1462 2776 1878 2835 manifestante
1899 2778 1937 2833 ⁴.

388 2864 448 2921 Si
491 2864 622 2939 quis
663 2873 866 2923 tamen
894 2864 1279 2924 nihilominus
1306 2866 1707 2924 instinctivum
1742 2864 2083 2923 vocandum
2114 2882 2247 2923 esse

266 2952 498 3011 duxerit
538 2962 765 3011 motum
806 2952 970 3011 illum
1012 2955 1377 3026 intellectuS,
1437 2955 1766 3014 secundum
1814 2972 2023 3028 quem,
2083 2974 2248 3013 com-

390 3143 408 3175 ¹
445 3146 667 3195 Thomas
705 3149 834 3196 Reid
874 3145 1308 3215 (1710—1796),
1362 3150 1411 3198 in
1449 3151 1661 3199 urbibus
1697 3150 1967 3199 Aberdeen
2007 3158 2057 3197 et
2100 3149 2247 3197 Glas-

266 3240 381 3288 gow
418 3226 768 3292 philosophiae
807 3229 1086 3292 professor,
1141 3230 1346 3278 scholae
1384 3248 1533 3295 quam
1572 3231 1811 3279 scoticam
1858 3238 2039 3278 vocant
2092 3242 2245 3294 caput

266 3306 461 3353 exstitit.
681 3304 704 3335 ²
739 3308 904 3367 Pesch,
945 3308 1107 3357 Instit.
1147 3309 1251 3372 log.
1291 3310 1330 3369 Ι,
1375 3322 1455 3370 77.

390 3382 410 3412 ⁸
447 3386 524 3433 Cf.
564 3386 662 3433 vol.
703 3388 742 3445 Ι,
791 3397 904 3449 105.
1052 3386 1071 3417 ⁴
1113 3388 1189 3437 Cf.
1232 3390 1328 3437 vol.
1368 3391 1407 3451 Ι,
1455 3402 1568 3451 113.
1616 3404 1729 3449 114.
1778 3403 1875 3452 130
1913 3406 2022 3454 sqq.
