2367 3850
300 207 401 262 254
923 209 1259 248 THEOLOGIA
1298 211 1638 248 NATURALIS.

297 359 383 416 ad
415 359 631 416 nullam
672 359 852 416 aliam
891 376 1201 418 creaturam
1243 361 1556 428 ordinetur,
1605 360 1711 417 sed
1742 359 1831 417 ad
1862 361 2051 417 Deum
2092 359 2259 434 ips-um

298 454 365 504 ut
389 449 646 524 primam
686 449 980 507 veritatem
1023 455 1080 506 et
1115 468 1390 506 summum
1431 450 1633 507 bonum
1677 449 2097 523 agnoscendum.

417 588 623 638 'rhesis
659 589 928 653 probatio.
1009 581 1102 640 Ex
1143 580 1607 656 anthropologia
1660 580 1781 639 iam
1826 581 2043 640 scimus
2094 581 2259 638 finem

298 667 555 726 hominis
612 687 741 728 esse
801 668 1231 728 beatitudinem
1288 670 1603 729 oriundam
1648 688 1724 729 ex
1766 670 2260 746 contemplatione

303 768 365 816 et
403 776 608 816 amore
652 758 787 831 Dei,
831 777 943 835 pro
983 769 1196 817 natura
1238 777 1359 830 sua,
1402 759 1672 834 perfecto
1704 760 1739 820 ¹.

425 856 644 932 «Atqui
685 866 887 915 cetera
905 901 920 928 ,
981 874 1137 931 quae
1196 855 1258 914 in
1314 857 1544 915 mundo
1598 855 2005 929 inveniuntur,
2062 864 2261 914 natura

297 964 403 1002 sua
445 953 502 1002 et
537 953 931 1022 consequenter
983 964 1056 1003 ex
1095 947 1401 1004 intentione
1440 947 1567 1004 Dei
1602 948 1879 1004 creatoris
1932 956 2067 1005 sunt
2118 957 2256 1022 apta,

300 1034 512 1108 quibus
553 1036 739 1093 homo
780 1035 1026 1106 iuvetur,
1070 1045 1134 1093 ut
1174 1035 1254 1093 ad
1279 1034 1711 1095 beatitudinem
1738 1036 1979 1095 finalem
2021 1054 2087 1094 se
2114 1045 2258 1094 recte

300 1123 595 1198 disponat.
644 1170 655 1182 .
705 1170 716 1182 .
765 1169 776 1182 .
850 1123 1120 1183 Etenim:
1180 1117 1240 1198 a)
1282 1126 1407 1184 Res
1462 1125 1635 1183 huius
1676 1124 1887 1184 mundi
1928 1124 2154 1183 homini
2189 1126 2261 1182 in-

299 1213 559 1271 serviunt
600 1213 680 1271 ad
721 1214 902 1272 vitam
931 1213 1328 1288 vegetativam
1356 1225 1417 1273 et
1445 1213 1787 1272 sensitivam
1814 1215 2255 1284 sustentandam,

299 1320 454 1376 quae
496 1302 652 1360 vitae
694 1313 827 1360 sunt
863 1303 1253 1361 fundamenta
1293 1302 1448 1361 vitae
1477 1303 1904 1374 intellectuaIiS,
1949 1321 2057 1379 per
2098 1321 2257 1378 quam

299 1392 376 1449 ad
419 1391 846 1450 beatitudinem
875 1411 1038 1450 suam
1082 1409 1146 1450 se
1188 1409 1549 1468 praeparare
1577 1391 1776 1451 debet.
1837 1388 1901 1467 b)
1944 1393 2070 1451 Res
2108 1391 2256 1448 huius

300 1482 505 1539 mundi
560 1480 790 1539 homini
847 1480 1247 1539 occasionem·
1286 1482 1583 1557 praebent
1636 1481 1791 1539 vires
1846 1499 1981 1539 suas
2022 1481 2259 1539 intellec·

297 1571 484 1627 tuales
526 1571 720 1628 studio
763 1580 824 1630 et
863 1570 1247 1645 inquisitione
1291 1569 1546 1628 acuendi
1604 1579 1664 1628 et
1718 1570 2099 1645 perficiendi,
2154 1588 2256 1644 quo

298 1659 534 1716 mediate
586 1658 920 1735 disponitur
975 1660 1053 1718 ad
1106 1659 1536 1735 perfectiorem
1578 1659 1696 1718 Dei
1750 1660 2153 1735 cognitionem
2206 1667 2256 1715 et

299 1765 565 1806 amorem
607 1767 718 1824 per
758 1768 956 1808 rerum
999 1758 1332 1808 creatarum
1363 1749 1938 1826 contemplationem
1973 1748 2253 1824 acquiren-
2329 1801 2330 1810 ἦ

299 1838 456 1896 dam.
505 1883 516 1895 .
564 1884 574 1896 .
625 1883 635 1896 .
683 1832 738 1912 c)
785 1837 1036 1909 Omnia,
1099 1855 1253 1912 quae
1306 1837 1369 1895 in
1424 1836 1543 1896 hoc
1597 1839 1825 1896 mundo
1882 1839 2250 1906 inveniuntur,

298 1926 525 1985 homini
566 1927 873 1986 materiam
916 1928 1213 2004 praebent
1253 1928 1635 1999 uberrimam,
1681 1928 1843 1987 circa
1886 1948 2067 2008 quam
2106 1944 2251 1986 suum

299 2035 442 2090 erga
501 2019 698 2075 Deum
758 2036 1026 2077 amorem
1086 2016 1372 2076 exercitio
1440 2017 1719 2077 virtutum
1788 2020 1986 2077 omnis
2044 2014 2253 2093 generis

298 2106 577 2180 probare,
623 2117 682 2165 et
723 2126 942 2183 augere
984 2107 1225 2182 possit.»
1258 2106 1279 2139 ²

422 2230 496 2287 II.
543 2240 630 2287 De
668 2238 1005 2300 praestantia
1041 2238 1213 2287 huius
1252 2238 1489 2288 ordinis.

421 2352 547 2410 Etsi
590 2352 1000 2411 admirabilem
1043 2354 1251 2412 mundi
1295 2353 1571 2412 ordinem
1626 2352 1896 2429 perfecte
1940 2350 2249 2428 perspicere

299 2460 426 2499 non
467 2460 794 2517 possumus,
837 2442 1023 2501 immo
1065 2442 1250 2501 multa
1290 2451 1442 2516 sunt,
1488 2460 1643 2517 quae
1682 2460 1793 2501 nos
1835 2443 2039 2514 latent,
2080 2452 2254 2499 tamen

300 2549 373 2589 ex
414 2530 642 2589 infinita
682 2531 800 2589 Dei
842 2532 1135 2606 sapientia
1179 2530 1545 2590 concludere
1587 2549 1900 2606 possumus
1958 2531 2107 2589 nihil
2144 2544 2250 2593 esse,
2322 2514 2324 2576 l

298 2644 372 2678 ne
409 2630 700 2678 minimam
738 2628 965 2691 quidem
1002 2644 1120 2678 rem
1137 2665 1150 2689 ,
1205 2622 1361 2678 cuius
1385 2623 1569 2696 finem
1598 2622 1906 2696 proprium
1950 2627 2008 2676 et
2056 2618 2253 2677 ordina-

298 2710 502 2769 tionem
542 2711 627 2768 ad
642 2710 827 2785 finem
867 2711 1124 2768 ultimum
1151 2710 1321 2768 Deus
1336 2710 1749 2787 perfectissime
1776 2729 1890 2767 non
1905 2706 2248 2785 praeviderit.
2321 2710 2322 2715 ’

427 2919 442 2950 ¹
482 2921 557 2969 Cf.
598 2938 749 2986 supra
785 2939 836 2986 p.
883 2936 980 2983 144
1019 2939 1134 2987 sqq.

421 2998 443 3030 ²
480 3002 697 3051 Boedder
740 3001 772 3051 l.
813 3017 857 3052 c.
911 3019 960 3067 p.
1005 3002 1106 3064 338
1145 3018 1221 3066 sq.
1277 3028 1343 3035 —
1396 3002 1473 3049 Ex
1525 3001 1713 3066 quibus
1764 3001 2003 3050 omnibus
2055 3004 2249 3065 apparet»

300 3097 448 3144 quam
484 3090 622 3129 recte
660 3098 773 3130 cum
811 3081 1039 3131 Ecclesia
1077 3082 1128 3129 in
1166 3082 1357 3144 hymno
1394 3082 1629 3146 angelico
1670 3082 1787 3129 Deo
1844 3082 2096 3129 dicamus:
2149 3076 2245 3125 Gra-
2316 3120 2318 3135 ,

299 3163 394 3208 tias
428 3161 622 3223 agimus
657 3163 746 3210 tibi
767 3168 976 3225 propter
1010 3178 1248 3226 magnam
1278 3164 1496 3226 gloriam
1521 3169 1661 3211 tuam
1675 3182 1700 3221 ‚·
1738 3178 1852 3211 cum
1880 3162 2024 3209 Deus
2048 3155 2244 3213 voluerit,

301 3247 356 3288 ut
393 3256 584 3287 summa
621 3256 710 3287 sua
746 3240 906 3303 gloria
944 3242 1008 3289 sit
1047 3258 1292 3289 summum
1319 3243 1510 3291 bonum
1537 3251 1779 3301 nostrum,
1820 3235 2012 3291 etcum
2036 3250 2245 3289 summum

301 3318 491 3363 bonum
530 3326 752 3364 nostrum
791 3334 894 3366 non
933 3320 1097 3383 possit
1148 3336 1259 3368 esse
1310 3321 1407 3369 nisi
1458 3337 1649 3370 summa
1700 3322 1807 3369 eius
1856 3320 2038 3386 gloria.
2109 3318 2241 3379 Quam
2314 3350 2316 3373 ι

302 3393 578 3439 doctrinam
617 3396 818 3457 egregie
856 3399 1062 3459 exponit
1099 3400 1301 3447 Lessius
1338 3401 1370 3449 l.
1410 3416 1453 3449 e.
1494 3400 1526 3450 l.
1568 3400 1680 3460 XV,
1722 3418 1763 3449 c.
1808 3412 1855 3463 3,
1896 3417 1946 3449 n.
1988 3402 2073 3449 62.
