2367 3850
311 231 416 284 250
942 231 1273 268 THEOLOGIA
1312 231 1652 268 NATURALIS.

429 375 485 453 a)
529 379 927 455 praesentiam
958 388 1074 456 per
1109 380 1416 448 scientiam,
1462 397 1614 453 quae
1658 390 1748 438 est
1788 380 2114 454 praesentia
2148 398 2257 436 om-

307 469 472 527 nium
529 487 726 527 rerum
781 479 921 527 ante
962 468 1079 527 Dei
1137 479 1546 544 conspectum.
1627 469 1855 527 Taliter
1908 467 2077 527 nobis
2121 487 2165 525 e.
2200 487 2257 541 g.

309 567 654 633 praesentes
710 566 844 615 sunt
899 576 1022 628 reS‚
1087 575 1237 632 quas
1297 576 1332 616 e
1388 575 1620 616 summo
1675 567 1880 616 monte
1937 558 1999 615 in
2040 555 2259 614 circuitu

309 647 811 723 contemplamur3

428 739 490 818 b)
536 743 936 818 praesentiam
961 753 1072 820 per
1087 745 1421 819 potentiam,
1466 762 1620 818 quae
1650 755 1741 802 est
1767 742 2117 820 praesentia,
2156 761 2263 816 qua

311 835 492 904 DeUS,
538 832 688 890 sicut
728 851 832 891 rex
873 833 934 890 in
979 851 1084 891 suo
1125 849 1335 908 regn0,
1381 833 1656 891 omnibus
1693 834 1871 890 rebus
1899 843 2141 908 praeest,
2180 849 2265 888 res

308 940 517 980 omnes
559 932 875 980 conservat
915 930 975 980 et
1014 921 1093 979 ad
1136 941 1340 980 earum
1383 922 1763 998 operationes
1806 922 2133 992 concurrit3

429 1013 486 1093 c)
529 1018 926 1094 praesentiam
985 1019 1247 1094 denique
1282 1029 1401 1095 per
1444 1021 1737 1077 essentiam
1754 1065 1768 1086 ,
1829 1038 1947 1094 qua
2000 1019 2125 1094 ipsa
2160 1018 2265 1075 Dei

309 1108 564 1167 essentia
606 1126 700 1166 res
742 1126 951 1166 omnes
993 1109 1267 1184 pervadit
1308 1119 1369 1167 et
1409 1108 1633 1183 implet.

428 1199 616 1256 Porro
658 1216 782 1255 non
824 1198 1014 1273 agitur
1055 1196 1154 1255 hic
1190 1198 1276 1256 ·de
1304 1198 1641 1274 praesentia
1669 1197 1786 1256 Dei
1828 1216 1939 1273 per
1980 1196 2268 1256 scientiam

309 1305 508 1362 neque
551 1287 629 1346 de
671 1286 1011 1362 praesentia
1067 1287 1192 1345 eius
1248 1306 1358 1362 per
1397 1288 1743 1362 potentiam.
1830 1289 1926 1345 De
1982 1286 2072 1345 his
2123 1284 2269 1344 enim

311 1375 658 1452 praesentiis
719 1376 1027 1451 speciatim
1089 1394 1287 1435 sermo
1346 1386 1503 1446 erat,
1565 1375 1669 1434 ubi
1736 1376 1813 1434 de
1877 1375 2270 1434 omniscientia

313 1462 392 1540 (p.
444 1483 552 1540 ²²7
586 1460 743 1540 sqq.)
788 1476 848 1524 et
889 1466 966 1523 de
1009 1465 1447 1540 omnipotentia
1491 1460 1571 1541 (p.
1606 1459 1742 1540 247)
1786 1476 1848 1523 et
1889 1465 1967 1524 de
1999 1482 2271 1523 concursu

313 1553 429 1612 Dei
493 1549 572 1630 (p.
621 1573 735 1627 214
765 1548 922 1629 sqq.)
980 1553 1248 1612 diximus
1335 1553 1454 1613 Sed
1515 1553 1705 1629 agitur
1764 1553 1865 1612 hic
1922 1563 2149 1612 tantum
2202 1552 2271 1610 de

313 1643 652 1720 praeseftia
695 1643 810 1701 Dei
848 1652 956 1718 per
995 1645 1307 1715 essentiam,
1353 1661 1533 1718 quam
1576 1643 1867 1701 infinitam
1908 1644 2006 1702 vel
2046 1642 2273 1700 immen-

313 1752 439 1792 sam
483 1750 611 1790 esse
655 1731 1089 1790 contendimus

431 1829 644 1888 Thesis
685 1839 887 1887 nostra
910 1829 1037 1905 fide
1077 1837 1231 1886 certa
1272 1837 1376 1887 est.
1461 1827 1731 1888 Etenim:

439 1928 614 2000 «Quo
657 1928 817 1999 ibo»,
861 1926 942 1985 ait
983 1927 1309 1998 Psalmista‚
1360 1944 1431 1984 «a
1474 1926 1693 2003 Spiritu
1746 1927 1889 1985 tuo?
1971 1935 2031 1985 et
2090 1945 2203 2002 quo
2243 1946 2277 1983 a

316 2016 468 2075 facie
511 2026 611 2074 tua
639 2016 898 2092 fugiam?
957 2016 1018 2073 Si
1061 2015 1393 2074 ascendero
1436 2015 1498 2073 in
1540 2018 1790 2086 caelum,
1834 2025 1898 2073 tu
1941 2016 2061 2073 illic
2101 2030 2190 2074 es:
2231 2015 2275 2072 si

313 2105 686 2164 descendero
727 2105 790 2163 in
831 2105 1147 2177 infernum,
1192 2105 1352 2163 ades,
1412 2104 1474 2163 Si
1516 2122 1825 2181 sumpsero
1866 2123 2101 2181 pennas
2126 2124 2278 2162 meas

313 2195 573 2253 diluculo
633 2204 693 2253 et
749 2194 1096 2252 habitavero
1154 2193 1219 2251 in
1260 2195 1535 2253 extremis
1595 2194 1805 2265 maris,
1866 2195 2091 2252 etenim
2145 2194 2275 2250 illuc

315 2301 521 2342 manus
563 2292 663 2341 tua
705 2284 962 2341 deducet
1014 2301 1112 2341 me
1169 2292 1230 2341 et
1283 2283 1512 2342 tenebit
1551 2302 1648 2342 me
1703 2284 1950 2342 dextera
1989 2294 2123 2341 tua»
2168 2278 2273 2358 (PS.

321 2377 449 2448 138,
484 2389 512 2446 7
547 2367 722 2447 sqq.).
781 2374 858 2430 Et
886 2372 1209 2447 Apostolus
1238 2373 1314 2430 de
1349 2375 1485 2431 Deo
1514 2371 1977 2432 Atheniensibus
2004 2373 2275 2447 loquens:

321 2464 425 2520 «In
483 2462 616 2537 ipso
675 2461 870 2519 enim»
892 2507 907 2533 ,
971 2462 1081 2533 ait,
1149 2460 1433 2520 «vivimus
1489 2472 1549 2521 et
1601 2480 1910 2520 movemur
1954 2472 2015 2521 et
2054 2480 2273 2520 sumus»

316 2547 472 2627 (Act.
524 2568 612 2625 17,
663 2544 775 2625 28).

435 2640 769 2699 Concilium
799 2656 942 2697 vero
972 2638 1331 2698 Vaticanum
1374 2634 1585 2715 (const.
1629 2658 1806 2714 supra
1848 2635 2052 2715 citata)
2094 2642 2279 2699 Deum

313 2729 667 2787 immensum
708 2746 837 2787 esse
879 2729 1220 2788 declaravit.

435 2871 642 2919 Thesis
682 2870 954 2932 probatio.
1037 2862 1083 2919 I.
1127 2861 1294 2918 Deus
1334 2868 1417 2918 est
1454 2862 1667 2935 ubique.
1752 2859 2029 2921 Etenim:

435 2960 582 3017 Esse
612 2959 834 3032 ubique
865 2968 1030 3016 certo
1074 2967 1164 3017 est
1191 2958 1501 3033 perfectio
1559 2958 1745 3033 Atqui
1774 2961 1909 3017 Deo
1938 2959 2283 3017 tribuendae

315 3058 450 3105 sunt
491 3065 700 3106 omnes
743 3047 1163 3122 perfectiones.
1249 3049 1413 3121 Ergo
1455 3050 1618 3105 Deus
1660 3058 1749 3106 est
1788 3048 2031 3123 ubique.

435 3137 752 3195 Praeterea
794 3155 974 3195 omne
1017 3155 1141 3210 ens,
1186 3138 1288 3195 ubi
1331 3146 1626 3212 operatur,
1670 3134 1752 3194 ibi
1782 3148 1887 3208 est,
1930 3140 2143 3197 saltem
2184 3158 2285 3213 per

315 3242 482 3283 suam
540 3225 832 3285 virtutem.
918 3227 1102 3300 Atqui
1162 3228 1328 3285 Deus
1386 3224 1450 3283 in
1513 3226 1787 3285 omnibus
1846 3226 2026 3285 rebus
2086 3228 2283 3286 intime

317 3321 626 3386 operatur,
689 3314 847 3388 ipsas
908 3314 972 3371 in
1013 3333 1142 3373 esse
1186 3316 1605 3374 conservando
1659 3325 1721 3391 et
1774 3316 1855 3374 ad
1909 3316 2283 3393 operationes
2341 3328 2342 3339 ¹

317 3398 735 3457 concurrendo
797 3396 876 3475 (p.
943 3422 1056 3473 214
1100 3398 1231 3478 sq.).
1329 3405 1493 3479 Ergo
1554 3406 1717 3471 Deus
1776 3406 2058 3486 omnibus
2118 3408 2284 3465 rebus
