2367 3850
277 235 341 287 52
712 236 1246 276 ANTHROPOLOGIA.-.
1260 236 1419 274 >PARS
1459 236 1806 274 ANALYTICA.

393 388 469 443 11.
528 387 574 442 F
577 387 894 443 acultatem
934 403 1078 444 vero
1122 384 1507 462 appetitivam
1566 405 1601 442 a
1656 385 1932 444 facultate
1994 383 2243 443 motrice

274 473 510 533 realiter
550 473 850 549 distingui,
893 475 953 532 in
998 474 1220 533 Schola
1260 468 1716 533 controvertitur
1740 475 1774 533 ¹.
1834 475 2007 534 Idem
2050 473 2245 532 dicen-

274 564 416 621 dum
458 564 535 622 de
577 563 971 636 distinctione,
1033 581 1214 639 quarn
1255 564 1409 622 inter
1449 564 1777 639 appetitum
1819 563 2246 640 concupiscibi-

274 655 391 711 lem
434 663 493 711 et
529 652 888 711 irascibilem
929 671 1108 728 supra
1137 648 1217 728 (p.
1254 649 1349 727 28)
1392 652 1711 728 posuimus,
1769 654 2022 715 Realem
2050 663 2245 711 autem

274 742 716 801 distinctionem
760 741 1014 801 admittit
1057 743 1112 801 S.
1160 744 1408 801 Doctor.
1496 744 1671 800 «Hae
1713 753 1943 800 autem»
1968 787 1981 810 ,
2037 741 2244 816 inquit,

282 832 470 890 «duae
514 831 929 890 inclinationes
971 849 1095 889 non
1137 831 1499 890 reducuntur
1530 830 1593 888 in
1633 849 1817 889 unum
1856 831 2246 907 principium3

274 922 413 996 quia
454 921 750 979 interdum
793 920 991 978 anima
1032 921 1292 980 tristibus
1332 939 1395 979 se
1429 921 1644 996 ingerit
1671 929 1881 979 contra
1922 919 2246 978 inclinatio·

272 1029 414 1069 nem
456 1009 953 1086 concupiscibiliS,
999 1021 1062 1068 ut
1102 1010 1429 1068 secundum
1460 1009 1911 1068 inclinationem
1938 1009 2245 1068 irascibilis

273 1099 583 1175 impugnet
625 1099 957 1174 contraria3
1013 1099 1171 1159 unde
1229 1099 1407 1158 etiam
1464 1099 1771 1174 passiones
1811 1099 2127 1158 irascibilis
2169 1117 2246 1157 re·

273 1207 541 1265 pugnare
583 1189 859 1248 videntur
899 1188 1273 1264 passionibus
1328 1188 1827 1264 concupiscibilis,
1912 1189 2070 1247 Nam
2114 1207 2246 1246 con·

274 1279 639 1354 cupiscentia
695 1295 952 1336 accensa
991 1277 1203 1336 minuit
1244 1278 1424 1349 iram,
1484 1288 1545 1336 et
1588 1277 1676 1335 ira
1729 1297 1987 1337 accensa
2040 1278 2245 1336 minuit

275 1367 838 1443 concupiscentiam,
881 1376 945 1424 ut
971 1367 1034 1424 in
1064 1366 1346 1442 pluribuS.
1404 1357 1575 1427 Patet
1616 1367 1777 1426 enim
1804 1386 1880 1427 ex
1906 1369 2043 1439 hoe,
2084 1368 2244 1443 quod

272 1456 582 1516 irascibilis
625 1466 713 1516 est
760 1455 926 1531 quasi
968 1456 1398 1532 propugnatrix
1453 1466 1511 1514 et
1568 1457 1927 1516 defensatrix
1970 1458 2245 1532 concupi-

273 1547 522 1618 scibilis,
581 1546 721 1603 dum
778 1545 1025 1620 insurgit
1079 1556 1289 1604 contra
1346 1565 1448 1616 ea,
1512 1563 1666 1621 quae
1721 1546 2058 1622 impediunt
2110 1565 2244 1605 con-

272 1636 588 1706 venientia,
635 1652 788 1709 quae
817 1634 1297 1710 concupiscibilis
1334 1636 1577 1711 appetit,
1623 1646 1682 1694 et
1709 1635 1987 1711 ingerunt
2014 1636 2241 1707 nociva,

274 1744 427 1800 quae
470 1723 950 1799 concupiscibilis
992 1723 1208 1799 refugit
1226 1725 1267 1782 ².

393 1816 497 1872 III.
557 1813 836 1872 Diversas
879 1813 1140 1888 denique
1184 1813 1543 1889 cognitionis
1584 1813 1898 1874 sensitivae
1941 1815 2242 1873 facultates

275 1903 440 1980 quod
482 1903 704 1975 attinet,
749 1905 1049 1979 quaeritur
1064 1927 1082 1962 .·

401 2015 449 2052 1.
494 1995 707 2051 Utrum
749 2011 941 2051 sensus
981 1995 1282 2052 communis
1323 1994 1395 2052 sit
1436 1982 1660 2052 sensus
1687 1993 1765 2051 ab
1808 1993 1936 2053 aliis
1978 1994 2243 2053 sensibus

273 2084 511 2142 realiter
553 2082 862 2143 distinctus
902 2100 1117 2142 necne.

391 2174 560 2249 Resp.
577 2195 595 2229 .·
623 2166 679 2248 a)
701 2172 1050 2248 Philosophi
1079 2172 1475 2232 communiter
1493 2172 1811 2232 admittunt
1833 2191 2072 2233 sensum
2092 2192 2244 2232 com-

271 2280 514 2321 munem
559 2280 688 2321 esse
729 2262 1053 2338 specialem
1097 2262 1400 2336 quendam
1444 2280 1681 2320 sensum
1722 2282 1759 2320 a
1804 2264 2075 2323 sensibus
2115 2282 2245 2338 pro-

271 2353 414 2426 priis
458 2352 816 2411 distinctum.
887 2351 1218 2431 Praecipua
1258 2361 1455 2409 autem
1499 2369 1705 2409 eorum
1747 2353 1897 2411 ratio
1928 2352 2246 2411 desumitur

273 2459 346 2499 ex
386 2442 741 2500 necessitate
769 2440 1039 2515 ponendi
1083 2458 1319 2500 sensum
1369 2441 1692 2515 quendam,
1738 2441 1839 2516 qui
1879 2441 2053 2499 simul
2085 2450 2245 2499 actus

185 2563 221 2578 s
242 2558 248 2560 Α
273 2541 333 2590 et
377 2531 615 2589 obiecta
669 2548 945 2588 sensuum
1001 2540 1379 2588 externorum
1434 2530 1746 2605 percipere
1801 2532 2005 2606 possit.
2088 2533 2246 2588 Inter

274 2620 509 2679 diversa
551 2619 713 2677 enim
755 2619 993 2691 obiecta
1035 2619 1400 2694 distinguere
1456 2637 1582 2677 non
1624 2629 1817 2695 potest
1865 2619 1980 2679 nisi
2024 2620 2126 2696 qui
2164 2619 2246 2677 di-

275 2728 446 2767 versa
487 2708 587 2767 illa
616 2709 853 2767 obiecta
881 2709 1051 2767 simul
1081 2709 1498 2785 apprehendit.
1559 2708 1785 2784 Singuli
1817 2718 2016 2769 autem
2044 2727 2244 2769 sensus

281 2798 507 2856 externi
537 2798 776 2856 nonnisi
805 2817 907 2856 sua
939 2798 1174 2856 obiecta
1204 2799 1447 2873 propria
1477 2798 1832 2874 percipiunt.
1902 2799 2058 2857 Nam
2086 2808 2246 2857 actus

272 2886 513 2945 visionis
569 2904 620 2945 e.
665 2905 719 2961 g.
774 2897 860 2946 est
916 2876 1079 2945 extra
1134 2887 1418 2945 ambitum
1476 2888 1847 2946 obiectorum
1901 2888 2241 2947 audibilium

271 2987 329 3034 et
371 2986 534 3033 actus
577 2975 896 3035 auditionis
938 2994 1135 3051 neque
1177 2976 1409 3035 lucidus
1450 2995 1649 3051 neque
1694 2979 1990 3037 coloratus
2032 2988 2135 3036 est.

390 3060 452 3138 b)
497 3064 644 3123 Sunt
685 3075 884 3125 tamen
928 3065 1029 3140 qui
1070 3066 1225 3123 haec
1267 3065 1470 3124 omnia
1512 3065 1797 3141 explicari
1832 3084 2009 3142 posse
2039 3077 2241 3142 putent

270 3153 394 3211 sine
438 3153 684 3229 speciali
740 3154 1003 3229 quodam
1061 3173 1268 3226 senSU,
1328 3154 1490 3213 cuius
1546 3174 1837 3231 organum
1886 3157 1962 3213 ab
2005 3156 2238 3231 organis

397 3345 412 3375 ¹
453 3348 529 3396 Cf.
569 3348 786 3396 Lelemen
825 3348 856 3396 l.
899 3365 941 3397 c.
981 3350 1048 3408 11,
1091 3349 1210 3409 238.

393 3424 414 3455 ²
452 3427 502 3473 S.
551 3426 739 3484 Thom„
781 3427 830 3475 S.
872 3428 1024 3475 theol.
1065 3428 1104 3486 Ι,
1145 3444 1195 3491 q.
1237 3428 1319 3485 81,
1360 3444 1402 3475 a.
1447 3440 1493 3476 2.
