2367 3850
269 210 369 262 334
868 209 1098 247 ΕΤΗῙΕΑ.
1158 209 1296 248 PARS
1335 209 1637 248 SPECIALIS.

386 357 484 416 De
525 357 756 432 origine
784 358 1083 418 societatis
1110 358 1552 420 ecclesiasticae
1580 376 1779 418 sermo
1821 358 1934 418 erit
1973 357 2040 416 in
2081 357 2275 418 disci-

268 447 443 523 plinis
471 446 842 520 theologicis,
885 447 949 505 in
990 457 1242 506 tractatu
1279 448 1513 507 scilicet
1551 448 1630 506 de
1668 447 1960 506 Ecclesia.
2019 447 2150 506 Hic
2179 448 2274 505 ad

266 536 613 596 societatem
636 535 873 594 civilem
897 535 1073 596 unice
1100 537 1478 596 attendentes
1504 536 1922 596 contendimus
1939 537 2270 598 hominem

266 625 324 684 vi
365 635 612 684 naturae
653 625 855 684 induci
898 625 977 682 ad
1018 625 1344 684 vivendum
1385 625 1448 684 in
1490 625 1774 686 societate
1793 625 1988 690 civili.

386 715 717 789 Loquimur
768 723 969 772 autem
1022 715 1101 774 de
1154 715 1441 774 societate
1489 717 1808 788 generatim
1860 723 2136 790 spectata
2197 725 2270 774 et

267 805 344 863 de
387 804 512 862 eius
554 821 725 862 causa
764 811 997 863 remota.
1056 803 1386 878 Quomodo
1425 804 1584 862 enim
1627 802 1903 862 homines
1946 805 2025 862 ad
2067 804 2268 862 talem

266 893 612 952 societatem
668 900 976 951 concretam
1032 911 1167 951 cum
1223 893 1326 951 tali
1382 893 1574 952 forma
1614 893 1942 954 ineundam
1977 895 2272 970 proxime

266 982 638 1054 inducantur,
682 981 931 1040 articulo
971 982 1147 1042 tertio
1190 981 1644 1042 declarabimus,

385 1071 733 1130 Adversarii
767 1070 937 1130 huius
978 1070 1157 1130 thesis
1200 1071 1509 1148 praecipui
1551 1081 1688 1130 sunt
1715 1072 1943 1146 Hobbes
1979 1080 2042 1130 et
2069 1072 2268 1130 Rous-

263 1179 398 1218 seau
441 1155 886 1236 (1712—1778)
913 1161 949 1233 ¹,
994 1160 1095 1235 qui
1150 1160 1213 1219 in
1269 1178 1346 1220 eo
1389 1161 1772 1232 conveniunt,
1815 1161 1980 1236 quod
2023 1160 2268 1222 docent

264 1250 538 1308 homines
566 1268 691 1309 non
720 1251 974 1308 naturali
1000 1250 1376 1323 necessitate,
1421 1250 1527 1309 sed
1557 1258 1730 1328 pacto
1755 1251 1930 1309 libero
1969 1250 2036 1307 in
2065 1249 2267 1309 socie·

263 1347 447 1397 tatem
474 1338 793 1410 transiisse,
836 1339 1120 1398 differunt
1146 1357 1292 1399 vero
1333 1339 1395 1397 in
1433 1340 1636 1412 mod0,
1683 1357 1803 1414 quo
1832 1349 2073 1415 pactum
2103 1339 2262 1398 illud

265 1427 581 1504 explicant.

383 1517 611 1574 Hobbes
691 1516 853 1575 enim
942 1535 969 1568 «
987 1517 1155 1576 finxit
1238 1527 1451 1576 statum
1538 1518 1798 1592 aliquem
1881 1517 2258 1593 primitivum

266 1607 673 1675 antisocialem,
745 1606 806 1665 in
865 1624 987 1682 quo
1049 1606 1254 1665 omnia
1314 1607 1582 1665 omnium
1641 1616 1812 1664 erant
1871 1607 2264 1682 communia3

267 1695 515 1770 quilibet
567 1695 830 1754 habebat
882 1695 971 1754 ius
1028 1695 1289 1754 faciendi
1341 1695 1634 1772 quidquid
1675 1695 1934 1766 volebat,
1991 1706 2052 1754 et
2107 1694 2258 1754 hinc

264 1794 511 1859 propter
540 1784 891 1859 cupiditates
920 1784 1222 1844 oriebatur
1243 1785 1468 1844 bellurn
1489 1785 1754 1843 omnium
1779 1795 1991 1842 contra
2013 1803 2254 1844 omnes.

264 1875 354 1931 Ex
383 1874 500 1932 hoc
528 1883 679 1933 statu
706 1872 998 1946 homines,
1028 1874 1373 1951 impellente
1403 1884 1582 1947 metu,
1611 1884 1810 1933 mutua
1839 1873 2254 1934 conventione

262 1964 427 2038 pacis
470 1963 531 2021 in
574 1963 925 2023 societatem
959 1965 1320 2023 transierunt
1361 1973 1420 2023 et
1459 1983 1524 2023 se
1567 1963 1740 2023 alicui
1767 1964 2058 2024 voluntati
2089 1983 2256 2023 com·

262 2054 427 2110 muni
472 2047 835 2128 (superioris)
877 2052 1064 2113 libere
1108 2052 1504 2113 subiecerunt.

391 2142 767 2201 «Secundum
808 2142 1102 2200 Rousseau
1142 2142 1417 2201 homines
1459 2142 1536 2201 ab
1578 2141 1747 2201 initio
1787 2148 1960 2200 extra
2001 2159 2252 2201 omnem

264 2232 629 2304 societatem,
674 2232 886 2291 saltem
928 2231 1184 2304 civilem,
1242 2232 1307 2289 in
1361 2240 1514 2291 statu
1567 2231 1768 2305 aliquo
1825 2232 2076 2291 silvestri
2119 2230 2258 2289 sirn-

266 2320 451 2395 plices
494 2329 553 2379 et
583 2321 803 2392 feliceS,
847 2320 1020 2379 nullis
1050 2320 1320 2380 obstricti
1345 2320 1592 2395 legibuS,
1637 2320 1933 2379 vivebant.
1994 2322 2089 2378 Ex
2131 2321 2256 2379 hoc

266 2419 418 2467 statu
460 2409 745 2484 paulatim
801 2410 1001 2469 liberis
1044 2410 1546 2470 conventionibus
1593 2409 1658 2467 in
1706 2418 1918 2468 statum
1961 2410 2250 2468 socialem

263 2498 639 2569 transierunt,
666 2498 991 2558 dividendo
1021 2499 1174 2557 inter
1203 2518 1265 2559 se
1295 2517 1493 2558 rerum
1522 2498 1951 2574 proprietatem
1979 2508 2042 2557 et
2060 2515 2254 2557 nexus

266 2586 515 2646 sociales
565 2588 847 2647 ineunda
933 2588 1087 2647 Cum
1142 2598 1344 2647 tamen
1401 2606 1610 2648 omnes
1667 2587 1782 2647 sint
1823 2586 2079 2647 naturali
2119 2587 2249 2645 iure

266 2694 507 2752 prorsus
545 2678 827 2752 aequales
870 2686 928 2735 et
968 2676 1157 2749 liberi,
1203 2678 1364 2741 nulla
1406 2677 1659 2737 societas
1693 2686 1893 2753 potest
1934 2693 2068 2735 esse
2109 2676 2252 2752 legi-

266 2767 427 2839 tima,
457 2766 519 2823 in
550 2784 671 2841 qua
695 2767 849 2825 haec
875 2766 1115 2827 libertas
1145 2777 1208 2825 et
1235 2767 1558 2842 aequalitas
1579 2764 1902 2841 originaria
1920 2761 2204 2825 tollitur.»
2227 2766 2251 2798 ²

267 2926 479 2976 claratas
531 2926 765 2977 habebis.
844 2926 920 2975 Cf.
973 2928 1272 2993 Bargilliat,
1327 2927 1697 2977 Praelectiones
1745 2926 1864 2975 iuris
1915 2926 2153 2975 canonici
2205 2926 2244 2985 Ι,

269 3023 316 3056 n.
366 3008 428 3055 16
467 3023 575 3072 sqq.

392 3085 409 3117 ¹
446 3088 527 3135 De
566 3088 799 3137 doctrina
836 3087 1053 3136 Hobbes
1091 3087 1192 3136 iarn
1233 3102 1384 3152 supra
1429 3085 1504 3153 (p.
1549 3084 1680 3151 272)
1721 3087 1968 3152 quaedam
2011 3087 2244 3136 diximus.
2359 3094 2361 3168 A

266 3166 404 3214 Inter
454 3182 609 3231 opera
659 3184 779 3217 vero
818 3168 1108 3229 Rousseau‚
1161 3182 1290 3231 quae
1342 3169 1407 3216 ad
1446 3168 1576 3217 hanc
1613 3183 1719 3216 rem
1756 3167 2037 3231 pertinent,
2093 3167 2247 3217 nomi—

268 3247 438 3294 nanda
473 3255 614 3294 sunt:
676 3248 950 3295 «Diseours
1002 3264 1088 3296 sur
1135 3246 1371 3312 l'origine
1423 3257 1474 3297 et
1509 3248 1584 3296 les
1621 3248 1942 3297 fondements
1993 3246 2061 3296 de
2111 3247 2248 3297 l'ine-

268 3324 418 3385 galite
456 3325 617 3385 parmi
654 3327 728 3372 les
766 3326 1021 3373 hommes»
1046 3364 1057 3385 ,
1104 3335 1155 3376 et
1201 3328 1526 3391 praesertim:
1587 3329 1710 3376 «Du
1746 3334 1942 3377 contrat
1983 3328 2146 3376 socia!
2185 3346 2249 3377 ou

258 3401 505 3461 principes
538 3402 607 3449 du
642 3404 773 3450 droit
794 3404 1075 3465 politiqus.»
1229 3403 1250 3434 ²
1291 3406 1541 3466 Cathrein,
1579 3408 1708 3456 Phil.
1747 3422 1871 3456 mor.
1911 3422 1962 3469 p.
2003 3408 2129 3469 338.
2357 3368 2359 3422 4
