2367 3850
275 203 343 263 46
715 212 1218 250 ANTHROPOLOGIA.
1286 210 1423 248 PARS
1464 209 1810 246 ANALVTICA.

1043 387 1379 434 AarchLus
1419 396 1479 433 11.

309 502 406 550 DE
444 501 800 552 PRINCIPIO
841 502 1114 552 ULTIMO
1154 499 1673 549 OPERATIONUM
1711 493 2241 546 SENSITIVARUM
2322 478 2346 742 Ι

719 581 874 631 SIVE
913 582 1010 629 DE
1048 581 1343 630 NATURA
1380 576 1807 628 ANIMALIUM.

398 705 655 764 Assertio
696 707 748 763 J.
796 736 876 746 ——
929 706 1284 780 Principium
1339 705 1599 761 ultimum
1654 703 2066 779 operationum
2106 699 2264 756 sensi·

276 797 526 852 tivarum
568 803 652 853 est
688 804 987 863 materiale,
1029 794 1063 852 i.
1097 813 1148 853 e.
1181 794 1263 852 ita
1303 793 1623 852 intrinsece
1667 791 2027 867 dependens
2070 809 2111 847 a
2152 807 2264 846 ma-

277 884 453 954 teria,
510 894 572 942 ut
614 884 688 943 sit
728 885 1124 960 compositum
1165 882 1473 958 quoddam
1518 901 1591 940 ex
1632 880 1881 940 materia
1938 890 2003 938 et
2057 879 2266 936 forma

402 973 629 1031 Contra
677 974 833 1031 hanc
890 973 1102 1032 thesim
1157 973 1520 1044 adversanos
1572 972 1838 1029 habemus
1898 971 2264 1033 cartesianOS,
2330 1033 2354 1044 υ

283 1061 386 1136 qui
428 1062 830 1121 sensationem
885 1063 948 1120 in
995 1063 1264 1127 subiecto
1320 1061 1570 1119 omnino
1625 1059 1882 1135 simplici
1939 1057 2073 1116 fieri
2134 1075 2268 1114 con·

278 1150 548 1223 tendunt,
594 1151 629 1210 i.
662 1170 713 1211 e.
746 1151 807 1208 in
850 1151 1174 1210 substantia
1216 1150 1390 1209 nullis
1419 1149 1685 1224 partibus
1728 1158 2066 1218 constante,
2116 1162 2264 1221 quae

281 1239 495 1298 dicitur
535 1241 753 1312 anima,
799 1259 1017 1317 corpus
1059 1257 1204 1299 vero
1246 1241 1308 1297 in
1338 1239 1689 1315 operatione
1732 1237 2095 1298 sensationis
2126 1253 2269 1292 non·

283 1329 394 1387 nisi
435 1328 809 1389 instrumenti
850 1329 1045 1388 vicem
1086 1347 1314 1406 gerere.

407 1428 698 1486 Probatur
739 1439 938 1487 autem
978 1430 1130 1488 haec
1170 1438 1379 1486 nostra
1417 1426 1781 1502 propositio:

403 1512 458 1590 a)
503 1517 610 1573 Ex
649 1519 774 1593 ipsa
801 1525 1023 1575 natura
1050 1519 1440 1593 operationum
1465 1518 1617 1575 vitae
1652 1517 1966 1574 sensitivae.
2027 1512 2266 1572 Etenim

285 1604 474 1679 qualis
504 1616 592 1664 est
619 1606 908 1682 operatiO,
939 1609 1057 1665 tale
1086 1616 1174 1665 est
1202 1605 1563 1682 principium
1592 1604 1990 1681 operationis:
2029 1601 2266 1678 operari

287 1693 448 1751 enim
490 1694 752 1770 sequitur
793 1715 941 1768 esse,
988 1696 1151 1754 cuius
1193 1705 1283 1754 est
1325 1695 1571 1753 effluxus
1613 1692 1876 1769 quidam.
1924 1695 1935 1704 “

407 1783 592 1858 Atqui
632 1785 825 1843 omnis
867 1784 1138 1860 operatio
1194 1783 1471 1843 sensitiva
1526 1794 1616 1843 est
1656 1782 1976 1841 materialis
2020 1776 2103 1856 (p.
2150 1775 2264 1852 43).

287 1873 450 1946 Ergo
491 1872 852 1949 principium
894 1874 1086 1950 ipsum
1117 1873 1533 1950 operationum
1581 1873 1991 1933 sensitivarum
2034 1881 2128 1929 est
2155 1888 2268 1927 ma-

285 1961 506 2020 teriale.
567 1964 739 2036 Quae
784 1963 1028 2038 quidem
1071 1963 1507 2039 argumentatio
1548 1965 1707 2021 valet
1740 1974 1799 2021 et
1826 1981 1939 2038 pro
1964 1960 2267 2038 principio

285 2049 560 2125 proximo
600 2050 695 2110 vel
739 2052 1013 2111 facultate
1065 2062 1124 2111 et
1165 2070 1277 2129 pro
1320 2052 1619 2128 principio
1660 2052 1868 2111 ultimo
1910 2052 2009 2110 vel
2042 2062 2265 2110 natura.

407 2134 468 2214 b)
499 2140 604 2197 Ex
621 2159 784 2199 sensu
805 2144 1016 2200 intimo,
1049 2144 1179 2201 Usu
1200 2141 1361 2200 enim
1383 2151 1442 2200 et
1461 2142 1871 2217 experimento
1894 2150 2268 2217 compertum

289 2238 375 2286 est
416 2248 527 2288 nos
555 2230 793 2289 obiecta
822 2241 1064 2289 extensa
1091 2240 1338 2290 extenso
1367 2231 1553 2290 modo
1581 2232 1929 2307 percipere3
1972 2230 2269 2305 siquidem

287 2316 523 2376 intimus
554 2337 759 2378 sensus
777 2339 890 2379 nos
908 2320 1090 2379 docet
1107 2340 1220 2379 nos
1241 2340 1366 2379 non
1387 2322 1574 2379 solum
1598 2320 2011 2379 extensionem
2032 2320 2268 2387 sentire,

287 2405 395 2464 sed
436 2417 497 2465 et
536 2408 720 2467 modo
762 2418 1009 2468 extenso
1052 2409 1245 2485 ipsam
1283 2410 1506 2480 sentiri,
1551 2410 1632 2467 ita
1660 2419 1723 2468 ut
1753 2428 1856 2468 nos
1882 2410 2034 2485 ipsos
2059 2425 2273 2483 quoque

247 2494 618 2575 „formaliter
669 2505 922 2556 extensos
975 2517 1092 2556 esse
1146 2500 1507 2573 aliquatenus
1560 2500 1881 2557 sentiamus,
1968 2498 2073 2555 Sic
2120 2516 2175 2555 e.
2218 2515 2270 2570 g.

196 2579 205 2583 ⁵
289 2586 533 2660 quando
561 2605 742 2645 manu
769 2588 984 2645 librum
1018 2588 1323 2663 quendam
1350 2588 1665 2664 tangimus,
1696 2606 1823 2646 non
1843 2589 2036 2645 solum
2055 2587 2271 2645 librum

289 2682 595 2733 extensum
636 2692 766 2734 esse
809 2676 1132 2748 sentimu5,‘·
1159 2678 1267 2736 sed
1310 2687 1368 2735 et
1409 2676 1865 2751 impressionem
1908 2675 2272 2734 extensionis

288 2762 422 2819 libri
464 2762 526 2820 in
569 2783 747 2822 manu
791 2764 1127 2839 experimur
1165 2784 1294 2825 esse
1326 2776 1648 2838 extensam,
1694 2776 1753 2824 et
1782 2764 2030 2839 quidem
2059 2764 2271 2822 eadem

289 2852 635 2911 extensione
678 2873 750 2911 ac
793 2872 866 2912 ea
905 2874 1043 2931 pars
1071 2854 1221 2927 libri,
1268 2874 1449 2931 quam
1489 2856 1801 2930 tangimus
1874 2854 1997 2912 Sed
2037 2862 2274 2911 nosmet

290 2941 449 3016 ipsos
492 2952 765 3002 extensos
808 2962 936 3002 esse
974 2944 1193 3003 sentire
1223 2945 1283 3003 in
1312 2946 1430 3002 hoc
1460 2964 1601 3003 casu
1628 2964 1755 3003 non
1783 2960 2117 3021 possumus,
2162 2940 2272 2999 nisi

290 3028 451 3088 idem
480 3031 688 3106 ipsum,
721 3032 886 3107 quod
914 3032 1106 3103 sentit,
1147 3032 1219 3090 sit
1248 3044 1571 3105 extensum,
1616 3034 1697 3091 ita
1725 3044 1788 3091 ut
1814 3030 2272 3108 impressionem

291 3117 452 3177 illam
496 3129 802 3180 extensam
843 3121 905 3178 in
947 3140 1010 3180 se
1054 3121 1324 3197 recipere
1367 3123 1568 3197 possit.
1628 3124 1689 3180 Si
1732 3121 1893 3181 enim
1926 3120 2088 3178 aliud
2117 3110 2269 3178 esset

291 3208 619 3267 subiectum
671 3208 971 3284 recipiens
1023 3209 1482 3286 impressionem
1529 3222 1865 3279 extensam,
1923 3209 2087 3266 aliud
2140 3210 2269 3268 sub·
2353 3254 2354 3259 1

291 3296 510 3354 iectum
553 3298 1004 3373 impressionem
1035 3299 1314 3369 sentienS,
1358 3317 1482 3357 non
1518 3300 1937 3375 conciperetur
1964 3298 2271 3371 quomodo
2353 3290 2354 3301 ¹

293 3386 461 3442 fieret
496 3385 751 3442 sensatio
781 3386 1184 3459 impressionis
1215 3396 1491 3445 extensae
1520 3390 1597 3445 ab
1628 3407 1720 3459 eo,
1766 3388 1827 3445 in
1857 3404 1979 3461 quo
2010 3402 2139 3443 non
2169 3397 2269 3443 est.
2353 3420 2354 3431 κ

17 2577 170 2595 W
