2367 3850
274 180 344 240 48
713 188 1219 227 ANTHROPOLOGIA.
1287 187 1425 224 PARS
1466 186 1810 224 ANALv‘rmA.

395 338 742 398 Notandum
784 348 1004 408 tamem
1049 338 1199 396 sicut
1240 354 1416 411 supra
1458 335 1576 394 iam
1606 329 1686 410 (p.
1722 329 1817 408 22)
1848 334 1928 392 de
1958 329 2251 408 principio

277 428 430 487 vitae
484 426 873 504 vegetativae
910 425 1246 485 monuimus
1262 471 1275 496 ,
1338 425 1621 483 unitatem
1683 425 1778 482 vel
1832 421 2251 480 indivisionem

275 536 402 578 non
445 535 574 576 esse
616 517 780 576 idem
821 535 894 574 ac
937 514 1377 591 simplicitatem
1418 515 1514 573 vel
1556 512 2116 572 indivisibilitatem.

397 606 762 682 Principium
803 605 964 664 enim
1020 605 1174 664 vitae
1219 603 1531 663 sensitivae
1575 601 1682 661 etsi
1723 603 2035 660 indivisum
2050 647 2069 670 ,
2130 599 2255 674 quia

276 715 477 767 unum,
522 706 611 754 est
652 705 855 754 tamen
896 685 1189 763 divisibile,
1234 703 1439 769 utpote
1483 691 1878 768 compositum
1908 709 1983 750 ex
2013 688 2254 748 matena

281 796 339 844 et
381 786 577 843 forma
603 786 635 842 ¹.

399 924 656 982 Assertio
697 925 745 981 I
745 925 804 982 V.
849 955 926 963 -
968 925 1321 1001 Principium
1364 923 1627 999 formale
1674 924 1736 980 in
1790 922 2144 980 animalibus
2180 920 2260 978 vel

279 1014 474 1070 anima
514 1015 786 1072 sensitiva
830 1015 1108 1082 (beluina)
1167 1021 1251 1072 est
1277 1013 1488 1088 forma
1542 1012 1873 1086 informans
1927 1011 2251 1068 materialis.

401 1111 684 1170 Animam
739 1112 1078 1171 sensitivam
1125 1111 1493 1171 materialem
1549 1128 1681 1170 esse
1722 1109 2151 1168 contendimus
2192 1125 2253 1165 eo

279 1218 472 1271 sensu,
513 1200 677 1276 quod
708 1220 744 1258 a
771 1202 1020 1260 materia
1047 1201 1123 1259 sit
1147 1201 1457 1276 dependens
1484 1203 1546 1258 in
1572 1201 1919 1266 exsistentia,
1951 1199 2108 1257 sicut
2138 1215 2251 1255 rem

281 1308 459 1364 supra
501 1284 581 1366 (p.
631 1311 696 1347 2·1
746 1300 805 1348 et
851 1287 946 1364 22)
990 1290 1439 1349 declaravimus.
1512 1287 1695 1363 Quod
1738 1288 1987 1363 quidem
2046 1287 2254 1345 eodem

284 1378 467 1436 modo
495 1379 782 1453 probatur
823 1398 895 1437 ac
924 1380 1158 1438 animae
1189 1379 1559 1456 vegetativae
1586 1377 1985 1438 materialitaS.
2048 1377 2256 1450 Neque

285 1468 446 1525 enim
489 1467 552 1524 in
591 1468 712 1526 vita
753 1468 1032 1527 sensitiva
1073 1470 1191 1527 ulla
1220 1463 1500 1544 umqua‘m
1530 1469 1845 1527 observata
1873 1477 1961 1525 est
1990 1464 2255 1541 operatio

285 1565 385 1614 aut
413 1556 770 1630 cognitionis
799 1567 897 1616 aut
927 1558 1309 1634 appetitionis
1338 1569 1437 1616 aut
1464 1567 1675 1629 motuS‚
1721 1575 1877 1632 quae
1920 1575 1957 1612 a
1998 1555 2254 1631 proprie·

288 1646 502 1703 tatibus
545 1646 946 1705 materialibus
989 1648 1061 1705 sit
1088 1647 1382 1706 immunis.
1442 1647 1591 1706 Aliis
1619 1645 1847 1705 verbis:
1894 1645 2097 1703 anima
2138 1662 2255 1702 sen·

287 1734 459 1792 sitiva
497 1733 977 1811 independenter
1019 1756 1056 1794 a
1097 1736 1344 1794 materia
1386 1756 1498 1794 non
1540 1737 1675 1810 agit.
1747 1735 1965 1810 Neque
2006 1732 2254 1811 proinde

285 1823 765 1899 independenter
807 1845 842 1883 a
883 1825 1132 1884 materia
1193 1827 1385 1901 ipsam
1442 1844 1555 1883 esse
1613 1843 1823 1900 posse,
1886 1833 2051 1882 recte
2110 1823 2254 1897 quis-

288 1932 469 1987 quam
511 1909 829 1972 affirmabit
848 1915 884 1973 ².

407 2064 697 2113 Scholion.
777 2058 824 2112 I.
868 2056 968 2112 De
1007 2058 1227 2129 origine
1268 2064 1323 2113 et
1360 2059 1515 2113 exitu
1542 2057 1893 2114 animalium.
1926 2086 2005 2093 —-
2044 2057 2131 2113 Ex
2172 2054 2251 2122 iis,

291 2161 444 2218 quae
489 2144 566 2202 de
608 2140 1018 2224 materialitate
1074 2146 1353 2221 principii
1396 2145 1812 2221 operationum
1854 2145 2254 2203 sensitivamm

287 2231 539 2291 diximus
556 2278 570 2303 ,
627 2232 745 2290 iam
800 2234 976 2291 nobis
1017 2230 1380 2293 concludere
1430 2234 1634 2294 licebit
1675 2234 1928 2292 similem
1975 2252 2103 2293 esse
2144 2232 2258 2290 ani·

288 2320 529 2378 malium
592 2322 886 2396 originem
946 2331 1004 2380 et
1065 2323 1283 2381 exitum
1341 2323 1717 2398 generationi
1778 2333 1838 2381 et
1898 2321 2256 2399 corruptioni

287 2410 640 2483 plantarum.
727 2411 900 2483 Quae
942 2412 1186 2486 quidem
1231 2413 1536 2471 conclusio
1583 2413 1951 2488 experientia
1995 2426 2258 2485 compro·

288 2498 479 2556 batur.
565 2500 641 2556 Et
683 2517 746 2557 re
792 2500 1034 2575 quidem
1077 2519 1235 2572 vera,

421 2608 470 2645 1.
535 2588 919 2662 Experientia
978 2602 1352 2666 compertum
1422 2592 1711 2650 habemus
1767 2610 1929 2649 nova
1989 2589 2257 2649 animalia

288 2674 429 2732 oriri
471 2676 719 2735 aliorum
761 2677 1104 2737 animalium
1146 2681 1419 2738 divisione
1459 2682 1736 2757 quadam.

415 2889 432 2921 ¹
470 2892 819 2957 Compositum
845 2896 1061 2945 animale
1089 2913 1468 2963 nonnumquam
1495 2899 1680 2948 dicitur
1707 2899 2030 2959 indivisibile,
2058 2908 2255 2963 propter

289 2971 397 3019 eius
435 2972 797 3037 simplicitatem
835 2978 1148 3036 naturalem,
1201 2978 1320 3041 quia
1364 2980 1555 3028 scilicet
1604 2988 1799 3043 partes,
1855 2980 2041 3044 quibus
2091 2994 2253 3027 revera

290 3060 501 3111 constat,
541 3052 742 3102 interno
780 3071 910 3103 nexu
949 3058 1016 3105 ita
1054 3058 1373 3122 colligantur,
1415 3067 1469 3107 ut
1508 3060 1663 3107 altera
1702 3060 1811 3107 sine
1840 3060 1996 3108 altera
2023 3074 2129 3108 esse
2154 3074 2250 3105 non

289 3130 450 3195 possit
489 3128 763 3195 (divisione
802 3134 1021 3199 interit):
1062 3153 1166 3186 non
1205 3148 1370 3187 autem
1398 3139 1496 3187 dici
1524 3149 1694 3203 potest
1722 3140 2253 3205 indivisibile-propter

289 3211 656 3275 simplicitatem
692 3216 1028 3274 entitativam,
1081 3219 1224 3281 quasi
1275 3220 1324 3267 in
1366 3218 1477 3282 ipso
1515 3228 1683 3283 partes
1721 3236 1897 3268 revera
1935 3237 2039 3269 non
2078 3225 2247 3275 essent,

289 3306 417 3353 quae
455 3292 611 3338 dividi
650 3304 872 3355 possent.
922 3298 1120 3343 Revera
1157 3298 1293 3345 enim
1332 3300 1651 3361 componitur
1691 3316 1753 3347 ex
1778 3302 1986 3349 materia
2010 3310 2062 3349 et
2086 3302 2245 3347 forma.

412 3366 432 3396 ²
473 3369 549 3417 Cf.
591 3386 742 3431 supra
778 3388 828 3433 p.
871 3384 953 3420 21.
