2367 3850
770 1 775 4 .
828 1 831 3 ,
941 17 948 22 ,
1054 1 1079 4 ,.
1146 0 1200 7 ῃ.
1299 0 1846 45 -Ἇ..,,.,ς,.-.,,,.-ῄηῦ
2065 47 2080 64 ,

313 224 416 274 228
940 235 1271 276 TnEoLocm
1308 235 1651 276 NATURALts.
1794 230 1798 236 '
1916 255 1920 258 -

427 381 492 462 b)
547 385 780 444 Futura
833 387 1012 444 libera
1051 387 1310 444 absoluta
1350 404 1425 444 ea
1468 396 1631 458 sunt,
1690 404 1847 461 quae
1902 405 1939 444 a
1978 387 2267 444 voluntate

309 485 614 536 creaturae
673 474 896 534 liberae
956 473 1283 550 aliquando
1344 474 1657 533 elicientur
1672 521 1687 546 ,
1758 476 1867 534 sub
1925 476 2093 532 nulla
2144 493 2271 532 con-

306 564 546 625 dicione
564 610 578 636 ,
621 565 715 624 vel
757 563 807 624 si
847 563 1154 640 pendeant
1198 582 1235 621 a
1278 563 1669 636 condicione,
1731 562 1885 623 haec
1927 563 2271 640 supponitur

307 656 609 732 ponenda.
673 654 1027 730 Exemplum
1057 650 1273 728 prioris
1301 652 1477 712 futuri
1504 652 1623 711 hoc
1650 664 1768 713 est:
1798 655 2009 712 Petrus
2038 653 2271 729 negabit

307 744 623 805 Christum.
695 743 954 803 Alterius
994 760 1139 801 vero
1184 741 1361 800 futuri
1387 742 1754 818 exemplum:
1800 743 2011 801 Petrus
2041 759 2272 800 conver·

303 845 459 894 tetur
500 834 579 892 ad
615 830 1060 910 paenitentiam,
1104 829 1154 888 si
1183 830 1450 889 Christus
1492 830 1725 906 patiens
1754 849 1893 890 eum
1936 830 2269 907 respexerit.

427 923 484 1003 c)
526 929 759 985 Futura
786 928 966 984 libera
992 927 1377 986 condia‘onata
1417 946 1491 986 ea
1531 938 1683 1000 sunt,
1730 947 1887 1004 quae
1916 949 1953 987 a
1979 931 2273 988 voluntate

305 1027 613 1076 creaturae
668 1016 894 1075 liberae
947 1016 1277 1092 aliquando
1338 1016 1711 1076 elicerentur'
1753 1018 1862 1075 sub
1924 1018 2269 1093 quibusdam

307 1105 793 1178 condicionibuS‚
850 1123 1004 1181 quae
1058 1115 1263 1164 tamen
1305 1117 1718 1181 supponuntur
1770 1124 1897 1164 non
1941 1107 2272 1182 ponendae.

305 1197 660 1271 Exemplum
701 1194 1039 1254 huiusmodi
1081 1193 1259 1252 futuri
1298 1195 1587 1252 habemus
1628 1194 1692 1253 in
1732 1193 1851 1253 hoc
1881 1206 2105 1254 eventu
2146 1214 2271 1254 con-

305 1285 638 1344 dicionato:
683 1283 850 1360 Tyrii
877 1293 938 1342 et
965 1283 1196 1342 Sidonii
1238 1293 1659 1342 convertentur
1698 1283 1778 1342 ad
1806 1284 2009 1357 fidem,
2053 1284 2105 1342 si
2144 1284 2271 1360 ipsis

303 1374 712 1449 praedicatum
757 1372 930 1431 fuerit
970 1372 1363 1446 evangelium.

421 1471 634 1530 Thesis
676 1472 762 1530 sic
803 1469 1105 1529 intellecta
1145 1469 1267 1528 fide
1311 1479 1477 1528 certa
1516 1479 1621 1528 est.
1706 1469 1978 1528 Etenim:

429 1569 604 1627 «Non
647 1580 736 1627 est
774 1569 892 1626 ulla
933 1577 1205 1626 creatura
1246 1566 1552 1626 invisibilis
1607 1566 1668 1624 in
1710 1577 2043 1642 conspectu
2099 1569 2262 1637 eiusst

303 1657 384 1715 ait
425 1659 484 1716 S.
528 1659 740 1716 Paulus
793 1658 872 1715 ad
913 1657 1106 1716 Hebr.
1150 1655 1449 1728 scribens,
1508 1675 1576 1728 4,
1629 1674 1731 1729 13,
1794 1657 2033 1715 «omnia
2084 1667 2267 1716 autem

303 1746 465 1804 nuda
505 1757 566 1805 et
607 1756 813 1821 aperta
853 1755 988 1804 sunt
1029 1745 1215 1804 oculis
1258 1745 1437 1804 eius.»

426 1847 493 1903 In
537 1845 738 1920 specie
777 1862 924 1902 vero
967 1842 1167 1918 quoad
1210 1843 1403 1901 futura
1443 1842 1632 1900 libera
1672 1843 1945 1901 absoluta
1973 1842 2263 1902 Psalmista

303 1936 454 1992 haec
495 1945 764 1994 testatur:
828 1934 1155 2005 «Domine,
1208 1932 1475 2007 probasti
1516 1950 1612 1990 me
1654 1942 1715 1992 et
1756 1933 2091 2008 cognovisti
2144 1948 2260 1991 me:

303 2033 364 2080 tu
419 2023 753 2099 cognovisti
807 2022 1132 2081 sessionem
1173 2040 1372 2081 meam
1414 2032 1474 2081 et
1512 2021 2012 2082 resurrectionem
2062 2041 2259 2081 meam.

303 2112 647 2171 Intellexisti
689 2110 1081 2187 cogitationes
1131 2128 1296 2169 meas
1351 2110 1429 2169 de
1483 2111 1693 2186 longe:
1750 2111 2027 2170 semitam
2080 2128 2260 2169 meam

304 2212 364 2259 et
417 2201 740 2259 funiculum
796 2220 994 2260 meum
1051 2198 1430 2274 investigasti.
1530 2201 1607 2256 Et
1660 2216 1871 2258 omnes
1928 2201 2056 2259 vias
2113 2217 2260 2256 meas

303 2290 676 2364 praevidisti,
734 2290 876 2365 quia
929 2308 1055 2347 non
1110 2298 1200 2347 est
1254 2307 1450 2347 sermo
1503 2288 1567 2345 in
1620 2287 1820 2363 lingua
1873 2307 2029 2347 mea.
2113 2289 2260 2345 Ecce

303 2378 582 2451 Domine,
624 2390 686 2437 tu
729 2378 1061 2454 cognovisti
1103 2378 1325 2448 omnia,
1373 2377 1691 2436 novissima
1731 2387 1792 2436 et
1831 2377 2111 2455 antiqua»
2158 2373 2256 2450 (Ps.

311 2470 438 2540 138,
491 2489 515 2525 1
551 2463 728 2543 sqq.).

425 2566 647 2639 Quoad
711 2566 900 2625 futura
962 2575 1160 2624 autem
1220 2563 1643 2622 condicionata
1700 2562 1859 2621 hanc
1917 2564 2075 2622 inter
2132 2562 2259 2619 alias

300 2654 588 2713 habemus
630 2654 877 2713 Domini
920 2653 1122 2713 Nostri
1163 2652 1662 2712 declarationem:
1714 2653 1879 2710 «Vae
1902 2652 2049 2724 -tibi‚
2093 2652 2261 2710 Coro-

301 2743 450 2815 zain,
495 2762 606 2801 vae
635 2742 758 2814 tibi,
799 2739 1139 2815 Bethsaida,
1185 2741 1325 2817 quia
1364 2741 1414 2800 si
1456 2742 1520 2799 in
1545 2744 1708 2816 Tyro
1738 2750 1797 2799 et
1826 2740 2053 2799 Sidone
2082 2741 2256 2798 factae

301 2841 498 2890 essent
537 2832 797 2905 virtuteS,
843 2850 998 2907 quae
1042 2833 1234 2890 factae
1277 2840 1410 2889 sunt
1451 2830 1513 2887 in
1554 2830 1743 2902 vobiS,
1787 2830 1933 2889 olim
1973 2830 2038 2889 in
2079 2827 2258 2890 cilicio

301 2930 361 2979 et
400 2920 602 2979 cinere
646 2920 1075 2995 paenitentiam
1117 2920 1409 2995 egissent»
1457 2914 1690 2994 (Matth.
1740 2938 1830 2990 11,
1878 2914 1996 2994 21).

421 3018 762 3078 Concilium
804 3019 1064 3093 denique
1107 3017 1465 3075 Vaticanum
1506 3017 1832 3076 declaravit
1878 3018 2111 3075 «Deum
2142 3030 2254 3073 esse

299 3105 601 3166 intellectu
643 3106 992 3166 infinitum».
1868 3115 1875 3123 '

417 3249 624 3298 Thesis
649 3250 922 3312 probatio.
978 3259 1002 3295 1
1015 3284 1026 3297 .
1058 3238 1413 3311 Argumenta
1432 3239 1707 3311 generali.
1752 3239 1891 3295 Deo
1918 3236 2251 3298 tribuendae
2333 3292 2334 3311 ἶ

297 3337 432 3384 sunt
473 3345 682 3385 omnes
724 3328 1124 3402 perfectiones
1165 3326 1495 3401 possibiles.
1554 3327 1738 3401 Atqui
1766 3327 2036 3402 cognitio
2068 3342 2247 3386 earum

299 3428 512 3479 rerum,
558 3430 712 3483 quae
753 3413 816 3468 in
856 3412 1007 3471 thesi
1047 3422 1447 3484 numerantur,
1493 3425 1583 3472 est
1622 3415 1915 3489 perfectio
1946 3413 2246 3490 possibilis:
