2367 3850
623 247 995 284 NUTRITIONIS
1035 247 1234 283 BREVIS
1273 247 1624 284 ENARRATIO.
2077 249 2109 295 9

128 393 696 465 communicatione,
740 393 993 469 sanguis,
1036 406 1263 452 mutato
1306 396 1509 453 colore
1556 391 1639 467 (fit
1676 394 1838 453 enim
1866 392 2110 468 rutilus),

127 483 336 542 ultimo
381 485 462 543 ad
500 484 1100 558 intussusceptionem
1141 495 1546 559 praeparatur,
1592 483 1673 541 ita
1699 495 1760 541 ut
1788 494 1953 543 actus
1985 484 2111 559 ipse

316 606 322 610 .
336 590 383 602 ἐι..-

444 662 488 694 m·

1594 571 1927 631 nutritionis
1995 572 2112 630 iam

1594 660 1887 736 compleri
1909 661 2110 737 possit.

1593 751 1692 808 Ad
1733 751 1881 808 hoc:

1672 841 1777 897 IV.
1800 839 2114 914 Sanguinis

1672 928 2030 986 circulatione

1593 1012 1941 1092 (Kreislauf)
2013 1017 2114 1075 hu·

1591 1124 1725 1164 mor
1735 1107 1833 1164 ille
1845 1106 2113 1164 nutritius

1593 1214 1666 1254 ex
1734 1195 2113 1271 pulmonibus

1591 1303 1703 1360 per
1757 1302 1940 1343 venas
1991 1286 2114 1359 pul-

1509 1378 1525 1421 ’ἰ
1593 1373 1863 1432 monales
1907 1369 1976 1449 (e)
2023 1393 2112 1432 re·

1591 1463 1825 1522 ducitur
1866 1465 1945 1522 ad
1988 1483 2111 1534 cor,

1489 1582 1492 1593 ἡ
1529 1606 1532 1610 ,,
1593 1554 1775 1627 idque
1841 1553 1920 1612 ad
1980 1552 2113 1610 sini-

1493 1634 1497 1646 *
1593 1653 1775 1700 strum
1795 1637 2108 1716 cor(f1g.1,

1497 1750 1545 1810 1
1580 1725 1859 1806 sete),
1911 1750 1948 1788 a
1989 1748 2111 1804 quo

1541 1822 1545 1833 “
1593 1822 1702 1880 sub
1740 1820 1961 1877 influxu
1990 1821 2111 1895 pul·

1527 1910 1528 1917 ’
1593 1909 1885 1969 sationum
1904 1928 2014 1985 per
2028 1919 2113 1968 to·

1593 2012 1715 2059 tum
1758 2018 1975 2076 corpus
2007 1999 2115 2057 dif-

1473 2058 1493 2172 j'
1527 2135 1529 2138 >
1596 2089 1857 2148 funditur
1884 2106 2001 2164 ope
2022 2107 2114 2145 ca·

1594 2179 1818 2237 nalium
1876 2177 1977 2251 qui
2031 2177 2114 2235 di-

1505 2296 1508 2309 1
1595 2278 1805 2326 cuntur
1866 2266 2115 2323 arteriae

1595 2353 1973 2429 (Pulsadernz
2054 2353 2111 2421 lz,

1593 2447 1633 2515 l,
1655 2464 1727 2513 m,
1750 2438 1827 2519 n).
1878 2441 2114 2501 Arteria

1594 2534 1754 2593 enim
1769 2531 2115 2609 principalis

1596 2618 1795 2699 (vulgo
1818 2631 2001 2691 aorta,
2032 2616 2111 2693 h),

1594 2730 1749 2787 quae
1793 2731 1828 2768 a
1880 2710 2114 2768 sinistro

1594 2800 1791 2859 cordis
1829 2799 2117 2858 ventricu-

1592 2892 1652 2949 lo
1720 2888 2112 2965 progreditur,

1595 2978 1761 3055 quasi
1783 2989 2023 3037 truncus
2053 2975 2111 3034 in

1595 3087 1792 3127 ramos
1830 3079 1889 3126 et
1929 3085 2115 3124 ramu-

1594 3159 1684 3216 los
1740 3159 1917 3231 longe
1979 3157 2114 3213 late-

1596 3265 1712 3320 que
1767 3243 2114 3304 diffunditur

178 3349 281 3398 dans
316 3364 377 3413 24
414 3354 606 3414 heures,
645 3371 713 3404 on
752 3355 941 3419 respire
986 3368 1049 3402 10
1065 3367 1171 3402 000
1210 3354 1348 3402 litres
1386 3354 1515 3401 d’air
1551 3353 1678 3399 dans
1717 3360 1798 3399 cet
1835 3365 2015 3411 espace
2049 3349 2111 3394 de

178 3436 336 3495 temps»
379 3431 688 3497 (Wgouroux
722 3435 756 3483 1.
797 3451 839 3483 c.
879 3452 929 3498 p.
975 3431 1120 3496 321).

1198 3434 1276 3481 Cf.
1318 3433 1463 3479 etiam
1499 3430 1719 3478 Landois
1756 3428 1789 3475 l.
1830 3444 1871 3473 c.
1912 3442 1963 3486 p.
1993 3424 2110 3481 246.
