2367 3850
1313 0 1454 64 “N-

280 250 311 298 8
723 259 1225 298 ANTnRoPonoorA.
1285 261 1421 296 PARS
1462 259 1801 297 ANALYTICA.
2330 231 2339 242 ’

399 410 471 465 Π.
531 409 828 484 Resorptio
872 403 1303 484 (Einsaugung)
1348 407 1508 482 chyli
1548 409 1611 464 fit
1652 407 1972 466 maximam
2018 419 2251 483 partem

276 497 803 573 innumerabilibus
846 497 971 555 fere
1015 497 1178 571 poris
1221 508 1398 572 atque
1438 496 1780 555 canaliculis
1812 496 2193 572 capillaribus

277 585 377 660 qui
406 587 576 660 quasi
603 586 843 645 subtiles
871 585 1104 644 radices
1133 586 1195 643 in
1218 585 1530 661 superficie
1552 585 1963 644 intestinorum
1985 585 2252 644 tenuium

278 671 540 749 (intestin
568 672 747 750 grele,
794 669 1171 748 Diinndarm)
1199 684 1460 750 serpunt.
1510 674 1631 748 Qui
1664 675 1907 750 quidem
1938 675 2251 733 canaliculi

277 766 570 822 elementa
610 764 889 822 nutritiva
931 765 991 821 in
1035 765 1211 838 chylo
1257 773 1558 822 contenta·
1581 764 1908 822 secundum
1936 765 2134 839 legem
2163 783 2251 822 en-

274 854 539 911 dosmosis
577 854 673 930 vel
713 852 1049 912 diffusionis
1085 847 1341 928 (osmose
1362 847 1404 928 ²)
1449 852 1743 911 imbibunt
1785 863 1844 912 et
1885 853 2102 929 partim
2141 870 2251 928 per

273 959 457 1000 venas
495 935 670 1016 (vena
715 961 865 1000 cava
905 941 1205 1012 inferiore,
1238 943 1334 1016 fig.
1374 963 1421 1012 1,
1452 935 1516 1015 i),
1561 931 1787 1020 partim
1805 959 1913 1018 per
1942 961 2082 1000 vasa
2108 942 2249 1016 lym-

275 1030 530 1105 phatica,
577 1030 639 1088 in
667 1031 974 1089 dexterum
1019 1049 1126 1089 cor
1153 1025 1219 1106 (a
1241 1040 1301 1089 et
1328 1025 1380 1105 b)
1424 1041 1485 1088 et
1525 1031 1665 1089 inde
1706 1049 1816 1105 per
1858 1031 2101 1089 arterias
2128 1031 2250 1105 pul-

191 1177 198 1186 ,
274 1121 541 1178 monales
585 1113 652 1195 (c)
695 1120 774 1176 ad
827 1119 1141 1195 pulmones
1183 1113 1269 1194 (d)
1326 1121 1736 1191 transvehunt,
1794 1119 1895 1180 ubi
1950 1119 2251 1195 perficitur

275 1209 527 1283 sanguis,
573 1208 1115 1267 communicatione
1159 1227 1295 1267 cum
1339 1216 1475 1267 ae're
1517 1218 1777 1284 peracta.

393 1308 498 1364 III.
545 1309 718 1365 Haec
760 1305 1061 1381 sanguinis
1103 1325 1223 1362 cum
1251 1314 1382 1364 aire
1408 1307 1822 1364 communicatio
1852 1299 2245 1380 (respiration,

275 1391 572 1470 Atmung)
629 1395 690 1452 in
733 1394 1111 1473 pulmonibus
1152 1394 1376 1470 duplici
1423 1397 1485 1452 fit
1526 1405 1719 1465 mom,
1777 1393 2131 1452 mechanico
2160 1405 2165 1407 ’
2192 1403 2249 1451 et

274 1483 834 1559 chemico-physico.
880 1483 1085 1542 Priore
1114 1483 1274 1542 enim
1304 1495 1467 1542 motu
1497 1483 1868 1555 mechani00‚
1900 1484 2247 1558 pulmonum

274 1571 497 1631 scilicet
539 1572 884 1630 dilatatione
927 1580 1030 1630 aer
1069 1573 1422 1648 inspiratur,
1480 1582 1643 1631 motu
1685 1571 1905 1654 deinde
1954 1571 2247 1630 chemico-

273 1663 520 1737 physico
563 1663 626 1718 fit
667 1661 941 1736 oxygenii
983 1663 1133 1719 aeris
1177 1681 1312 1719 cum
1368 1661 1669 1737 sanguinis
1724 1662 2033 1720 elementis
2091 1680 2247 1719 com·

273 1750 498 1808 binatio
542 1761 601 1808 et
642 1750 811 1808 simul
867 1750 1023 1808 acidi
1079 1751 1386 1808 carbonici
1432 1745 1631 1824 (CO2,
1690 1744 2131 1825 Kohlensaure)
2176 1769 2246 1808 ex

274 1840 562 1914 sanguine
603 1838 961 1912 eliminatio3
1004 1840 1193 1898 altero
1223 1840 1485 1914 denique
1515 1849 1677 1898 motu
1707 1839 2079 1910 mechanic0,
2125 1839 2246 1914 pul-

273 1947 516 1987 monum
560 1928 784 1987 scilicet
826 1930 1251 2000 contractione,
1297 1931 1359 1987 fit
1400 1929 1557 1987 acidi
1596 1928 1903 1987 carbonici
1940 1931 2247 2005 exspiratio

273 2038 409 2076 cum
453 2019 602 2076 aeris
642 2028 810 2093 parte
852 2018 1373 2093 superabundante
1395 2019 1431 2077 ⁸.
1490 2020 1560 2075 In
1602 2019 1705 2076 illa
1744 2036 1889 2077 vero
1932 2036 2068 2076 cum
2110 2024 2243 2075 aere

399 2227 414 2257 ¹
451 2230 480 2277 i.
503 2246 546 2278 e.
571 2239 670 2279 tam
691 2231 915 2291 subtiles,
944 2240 997 2281 ut
1019 2231 1120 2279 sint
1139 2230 1335 2295 capillis
1355 2230 1558 2290 similes,
1588 2230 1737 2279 immo
1764 2230 1889 2295 ipsis
1916 2230 2111 2295 capillis
2132 2230 2244 2279 sub-

273 2308 476 2358 tiliores.
509 2310 803 2359 Cuiusmodi
825 2310 1090 2376 capillares
1109 2318 1548 2374 repraesentantur
1567 2310 1649 2375 fig.
1675 2312 1784 2374 1,d1
1805 2319 1854 2360 et
1868 2312 1921 2373 α’,
1951 2307 2245 2375 (capillares

275 2396 460 2439 tractus
484 2380 837 2455 intestinalis),
827 2407 836 2418 ·
868 2394 908 2439 d
924 2408 1059 2450 vero,
1088 2390 1354 2456 capillares
1380 2391 1704 2455 pulmonum,
1693 2406 1703 2416 ·
1733 2390 2001 2456 capillares
2027 2391 2242 2455 denique

272 2470 580 2533 superiorum
620 2473 844 2535 corporis
881 2472 1094 2537 partium
1131 2479 1182 2519 et
1220 2471 1507 2520 inferiorum
1532 2473 1586 2534 a'4
1616 2478 1667 2519 et
1692 2473 1743 2535 d„
1782 2478 2239 2535 repraesentantur.

401 2546 422 2578 ²
465 2550 754 2601 er’Losmose
792 2560 870 2600 est
905 2568 1005 2601 une
1042 2552 1179 2601 force
1218 2552 1304 2615 qui
1342 2552 1428 2599 fait
1464 2567 1561 2615 que
1600 2552 1733 2601 deux
1770 2551 2002 2615 liquides
2039 2566 2093 2598 se
2150 2548 2241 2597 rne-

275 2634 481 2697 langent
517 2649 580 2680 au
619 2642 806 2680 travers
845 2630 892 2679 d’
897 2648 996 2680 une
1031 2631 1325 2681 membrane
1364 2630 1448 2696 qui
1487 2631 1561 2680 les
1598 2633 1791 2695 separe.
1866 2630 2043 2691 Ainsi,
2098 2630 2141 2678 si
2179 2646 2241 2678 on

271 2714 394 2767 met
416 2728 480 2761 en
519 2712 762 2776 presence
799 2714 863 2760 de
899 2712 1030 2761 l'eau
1067 2728 1194 2777 pure
1232 2720 1283 2759 et
1320 2713 1383 2759 de
1421 2710 1551 2759 l’eau
1588 2711 1753 2772 salee,
1810 2718 1862 2759 et
1908 2711 1954 2759 si
1994 2726 2078 2759 ces
2116 2712 2243 2759 deux

271 2794 486 2858 liquides
523 2800 641 2841 sont
677 2794 881 2857 separes
918 2808 1012 2857 par
1047 2808 1145 2841 une
1183 2792 1471 2840 membrane
1510 2792 1741 2855 vegetale
1779 2808 1845 2840 ou
1884 2790 2125 2851 animale,
2182 2806 2241 2837 au

272 2874 395 2922 bout
433 2872 554 2921 d’un
593 2872 780 2922 certain
821 2882 1012 2937 temps,
1066 2872 1138 2921 les
1194 2872 1327 2920 deux
1377 2871 1595 2936 liquides
1634 2878 1751 2920 sont
1778 2870 2061 2936 egalement
2098 2869 2239 2927 sales,

271 2957 422 3019 grace
449 2970 510 3001 au
537 2953 856 3017 phenomene
882 2954 947 3001 de
973 2943 1224 3001 l’osrnose.
1276 2952 1442 3001 Toute
1468 2952 1758 3001 membrane
1784 2952 1999 3000 animale
2025 2950 2237 3015 possede

271 3051 339 3084 un
377 3034 592 3097 pouvoir
629 3032 1006 3099 d'absorption,
1048 3032 1172 3080 mais
1224 3032 1259 3080 il
1297 3033 1401 3079 faut
1444 3048 1733 3096 remarquer
1780 3048 1879 3096 que
1930 3031 2047 3079 telle
2098 3048 2129 3077 a
2176 3045 2239 3075 un

271 3114 486 3177 pouvoir
523 3114 870 3179 d’absorption
907 3112 1195 3177 particulier
1231 3128 1359 3176 pour
1392 3128 1457 3159 un
1485 3112 1691 3175 liquide,
1732 3121 1782 3160 et
1810 3112 1927 3160 telle
1952 3118 2091 3159 autre
2116 3124 2239 3174 pour

271 3210 338 3241 un
378 3202 544 3241 autre»
593 3191 905 3258 (Vigouroux
942 3194 973 3242 1.
1001 3211 1046 3243 c.
1086 3210 1136 3257 p.
1167 3190 1315 3255 281).
1369 3192 1446 3240 Cf.
1487 3191 1637 3239 etiarn
1661 3193 1929 3255 Warburg,
1968 3188 2234 3239 Lehrbuch

271 3275 362 3335 der
398 3274 588 3337 Physik
631 3272 736 3337 (ed.
777 3271 830 3335 2)
869 3290 918 3337 p.
965 3286 1078 3321 101.

393 3352 414 3383 ⁸
459 3356 535 3402 «A
573 3353 766 3416 chaque
806 3352 1099 3417 inspiration
1139 3369 1207 3400 on
1247 3353 1492 3401 introduit
1528 3369 1595 3400 un
1634 3352 1900 3400 demi-litre
1940 3350 2065 3399 d'air
2114 3350 2232 3397 dans

271 3434 344 3481 les
396 3447 673 3497 poumons;
727 3440 778 3479 et
828 3447 1020 3479 comme
1060 3432 1094 3479 il
1132 3449 1164 3493 y
1202 3449 1231 3479 a
1268 3447 1332 3479 en
1369 3448 1617 3494 moyenne
1670 3444 1738 3479 20
1757 3444 1863 3481 ooo
1904 3430 2235 3497 ,inspirations

2218 498 2234 528 1

2235 543 2249 568 1
2328 515 2355 1066 ¹

2326 1077 2351 2180 ἐ

2326 2216 2354 3299 ξ

2332 3328 2355 3821 l
