2367 3850
306 213 334 248 2
343 201 408 266 5⁶
933 213 1265 279 THEOLQGIA
1306 213 1645 254 NATURAHS.

431 370 636 422 'rhesis
673 373 952 434 probatio.
1024 365 1070 422 I.
1114 364 1361 422 Directa
1420 364 1555 432 (Ex
1606 371 1826 422 natura
1866 364 1995 420 Dei
2032 369 2089 418 et
2135 379 2267 420 crea·

302 452 616 518 tutat-um).
703 451 1026 510 Creaturae
1068 452 1231 510 enim
1266 452 1599 512 directione
1640 452 1845 511 divina
1887 452 2176 526 indigent,
2215 461 2269 507 ut

303 541 366 600 in
407 541 588 598 finem
628 539 878 600 tendere
921 541 1166 616 possint.
1252 544 1325 602 In
1368 542 1549 600 finem
1590 542 1751 600 enim
1793 560 1965 602 suum
2010 559 2137 598 non
2162 550 2272 598 ten-

303 629 452 687 dunt
490 628 606 688 nisi
647 630 994 705 operand03
1035 630 1276 706 operari
1316 649 1462 689 vero
1502 649 1625 690 non
1667 640 1934 706 possunt,
1978 630 2099 688 nisi
2124 631 2275 687 Deus

305 737 408 777 eas
448 718 716 788 adiuvet,
775 737 899 778 non
943 721 1133 777 solum
1173 730 1314 795 apte
1357 737 1459 780 eas
1512 720 1590 778 ad
1644 722 1825 780 finem
1880 719 2272 794 disponendO,

304 806 412 866 sed
441 808 620 866 etiam
647 807 709 864 in
737 809 878 883 ipsis
907 807 1353 884 operationibus
1396 827 1531 868 cum
1572 808 1641 866 iis
1682 808 2109 868 concurrendo
2150 827 2273 867 con-

305 915 477 955 cursu
519 895 622 954 illo
663 897 1027 970 immediatO,
1073 898 1151 958 de
1195 917 1317 973 quo
1360 917 1538 973 supra
1579 897 1830 957 diximus
1856 899 1892 956 ¹.
1965 897 2105 956 Tali
2143 915 2273 954 vero
2329 893 2337 906 '

305 1003 598 1044 concursu
626 1003 813 1044 omncs
852 1005 948 1046 res
975 987 1334 1058 mundanae,
1379 987 1503 1046 sive
1545 1005 1797 1062 magnae
1838 997 1979 1045 sunt
2020 987 2145 1046 sive
2184 985 2275 1044 mi-

306 1075 505 1133 nimae
523 1121 537 1147 ,
599 1074 884 1134 continuo
926 1074 1234 1151 indigent:
1298 1076 1657 1153 principium
1700 1075 1859 1136 enim
1915 1086 2117 1134 motus
2168 1075 2275 1133 vim
2350 1070 2352 1079 ‘

307 1163 490 1222 habet
543 1163 956 1223 universalem.
1042 1167 1206 1240 Ergo
1261 1167 1340 1224 ad
1394 1167 1575 1225 finem
1630 1183 1799 1226 suum
1853 1167 2027 1224 Deus
2081 1182 2275 1223 omnes

308 1272 404 1312 res
443 1255 539 1312 vel
580 1253 856 1312 minimas
884 1254 1103 1330 dirigit,
1146 1255 1330 1330 idque
1359 1255 1807 1330 sapientissime,
1853 1273 1992 1312 cum
2019 1254 2277 1312 defectus

308 1344 371 1400 in
409 1345 544 1402 Deo
584 1344 778 1400 nullus
821 1345 1008 1419 possit
1048 1344 1319 1403 inveniri.
1404 1346 1567 1420 Ergo
1609 1347 1775 1403 Deus
1815 1363 1914 1404 res
1956 1343 2276 1402 mundanas
2350 1340 2352 1347 ’

311 1449 518 1490 omnes
561 1441 621 1490 et
663 1433 952 1507 singulaS,
1008 1434 1104 1493 vel
1146 1433 1440 1506 minimas,
1500 1433 1933 1510 sapientissime
1975 1434 2274 1510 gubernat.
2350 1493 2352 1514 Ι

429 1522 505 1580 ΙΙ.
561 1522 851 1580 Indirecta
911 1543 960 1580 1.
1006 1517 1405 1598 (Argumento
1460 1541 1570 1600 per
1624 1518 1989 1596 absurdum.)
2074 1523 2276 1596 Neque
2350 1521 2352 1556 ³

311 1610 472 1669 enim
513 1609 744 1668 admitti
803 1621 1002 1686 potest
1042 1613 1243 1671 Deum
1301 1614 1397 1671 vel
1455 1613 1718 1684 nescire,
1779 1613 2091 1688 quomodo
2150 1628 2275 1668 con·

311 1699 608 1758 currendo
637 1700 700 1758 in
726 1701 908 1758 finem
937 1719 1031 1758 res
1060 1702 1379 1773 conducat,
1423 1701 1518 1759 vel
1547 1702 1739 1777 ipsum
1782 1718 1905 1758 non
1934 1719 2130 1777 posse,
2172 1700 2273 1768 vel,

311 1788 359 1847 si
402 1799 624 1864 potest,
686 1790 849 1847 nolle
903 1808 998 1849 res
1055 1789 1185 1848 illas
1228 1808 1451 1872 *omnes
1492 1791 1588 1848 vel
1649 1789 1924 1848 minimas
1980 1790 2058 1848 ad
2112 1791 2275 1846 finem

312 1878 672 1938 conducere.
757 1878 930 1952 Quae
991 1880 1197 1938 omnia
1251 1888 1311 1938 et
1370 1878 1695 1957 sapientiae
1756 1888 1818 1938 et
1873 1879 2176 1955 potentiae
2227 1885 2277 1935 et

310 1967 562 2026 bonitati
615 1969 730 2026 Dei
786 1978 991 2044 aperte
1052 1979 1407 2046 repugnant.
1499 1970 1686 2027 «Cum
1746 1969 1959 2045 optimi
2014 1970 2155 2038 sit»,
2207 1966 2277 2024 ait

313 2058 369 2115 S.
418 2059 665 2127 Doctor,
716 2058 978 2132 «optima
1010 2059 1364 2133 producere,
1407 2075 1532 2115 non
1561 2058 1845 2116 convenit
1882 2075 2147 2116 summae
2174 2054 2277 2113 Dei

313 2147 580 2216 bonitati,
628 2146 789 2221 quod
833 2166 928 2205 res
969 2147 1293 2223 productas
1335 2147 1414 2206 ad
1445 2148 1785 2223 'perfectum
1827 2166 1953 2205 non
1982 2146 2273 2223 producat.

315 2235 540 2293 Ultima
567 2246 764 2294 autem
813 2236 1103 2310 perfectio
1145 2237 1603 2311 uniuscuiusque
1634 2246 1722 2294 est
1763 2236 1826 2292 in
1869 2234 2276 2294 consecutione

315 2323 461 2381 finis.
521 2324 704 2382 Unde
745 2324 824 2381 ad
851 2324 1114 2383 divinam
1139 2326 1487 2384 =bonitatem
1529 2324 1803 2400 pertinet,
1847 2335 1931 2395 ut,
1974 2324 2124 2383 sicut
2162 2340 2277 2399 pro-

315 2412 477 2471 duxit
520 2431 614 2471 res
655 2413 716 2470 in
760 2432 907 2485 esse,
953 2415 1034 2473 ita
1075 2414 1255 2473 etiam
1297 2432 1399 2473 eas
1440 2414 1518 2472 ad
1556 2416 1737 2473 finem
1779 2415 2087 2489 perducat,
2130 2410 2277 2487 quod
2352 2416 2354 2423 '

318 2512 406 2559 est
448 2503 838 2577 gubernare.»
871 2503 893 2535 ²

440 2612 490 2649 2.
537 2587 935 2667 (Argumento
976 2586 1304 2668 negativ0.)
1360 2592 1691 2668 Praecipua
1721 2592 1882 2651 enim
1926 2593 2096 2663 ratio,
2140 2607 2277 2666 quae

317 2690 527 2737 contra
582 2680 844 2739 divinam
888 2681 1333 2739 Providentiam
1389 2681 1822 2756 gubernantem
1879 2682 2154 2753 affertur,
2205 2688 2281 2736 est
2352 2670 2354 2673 ⁴

317 2768 657 2827 exsistentia
699 2770 1014 2841 malorum,
1071 2770 1195 2829 sive
1238 2770 1621 2847 physicorum
1664 2770 1787 2829 sive
1830 2770 2174 2840 moralium,
2226 2768 2277 2824 in

317 2859 434 2915 hoc
481 2860 724 2917 mundO.
811 2860 932 2917 Sed
997 2878 1071 2917 ex
1128 2859 1220 2917 his
1280 2860 1450 2918 malis
1506 2859 1767 2935 physicis
1824 2861 1923 2919 vel
1977 2858 2281 2918 moralibus

316 2948 462 3005 nihil
503 2948 767 3023 legitime
810 2949 1014 3007 inferri
1058 2959 1254 3023 potest
1297 2958 1508 3007 contra
1540 2947 1803 3006 divinam
1834 2949 2276 3007 Providentiam.

439 3037 638 3095 Primo
699 3038 891 3109 enim,
949 3057 1084 3095 cum
1146 3038 1381 3095 ratione
1440 3036 1753 3097 evidenter
1808 3049 2044 3097 constet
2099 3040 2276 3095 Deum

319 3142 413 3183 res
455 3129 787 3186 mundanas
829 3144 1038 3186 omnes
1079 3127 1435 3202 gubernare,
1494 3126 1830 3186 exsistentia
1884 3128 2026 3185 mali
2069 3124 2276 3203 physici

446 3318 463 3349 ¹
501 3337 551 3381 p.
594 3321 695 3366 216
735 3336 809 3381 sq.

443 3393 465 3422 ²
502 3398 552 3441 S.
603 3398 787 3452 Tlmm„
830 3398 876 3443 S.
920 3398 1073 3444 theol.
1116 3400 1153 3455 I,
1195 3416 1241 3461 q.
1290 3412 1403 3460 103,
1444 3418 1490 3449 a.
1538 3413 1579 3449 1.
