2367 3850
47 7 290 148 ‚-

205 349 376 408 Cum
445 363 654 413 autem
711 357 1090 431 operationes
1146 358 1285 416 illae
1340 377 1583 430 omneS,
1646 359 2108 435 intellegentiae,

73 437 342 498 rationis
365 487 382 511 ,
459 445 869 504 conscientiae
885 491 900 518 ,
964 448 1310 518 memoriae,
1368 457 1678 506 versentur
1732 448 1893 506 circa
1949 447 2109 506 idem

69 529 414 588 obiectum
449 532 705 592 formale
737 529 1194 610 (immateriale),
1231 554 1358 594 non
1388 545 1477 595 est
1506 555 1612 594 cur
1639 535 1799 612 ipsas
1826 536 1905 594 ad
1932 537 2113 595 facul·

68 627 232 676 tates
279 619 576 679 diversas
617 623 902 699 specifice
943 623 1253 683 distinctas
1296 625 1641 683 referamus
1720 626 1905 684 Plane
1948 627 2111 684 enim

62 724 300 766 eorum
355 711 643 769 omnium
685 713 836 770 ratio
877 712 1180 772 sufficiens
1224 713 1581 790 explicatur,
1644 713 1693 772 si
1750 714 2113 772 admittimus

64 796 588 872 intellegentiam
607 845 622 871 ,
681 801 974 860 rationem
990 849 1004 872 ,
1065 803 1501 862 conscientiam
1520 849 1533 874 ,
1582 803 1935 862 memoriam
1982 821 2113 862 esse

69 885 457 948 fimetiones
486 889 756 949 diversas
783 891 954 949 unius
983 900 1045 949 et
1074 890 1342 950 eiusdem
1373 891 1683 963 facultatiS,
1716 910 1869 966 quae
1898 891 2113 950 dicitur

71 972 477 1037 intellectus,

725 209 802 244 DE
839 208 1084 246 OBIECTO
1124 210 1503 249 VOLUNTATIS.
2042 209 2105 260 71

955 1103 1189 1161 SECTIO
1233 1120 1293 1162 11.

148 1231 509 1282 OBSERVA
519 1234 798 1282 TIONES
836 1234 1046 1282 CIRCA
1083 1235 1535 1284 APPETJTUM
1563 1236 1658 1283 ΚΑ
1670 1235 2071 1284 TJONALEM

765 1314 902 1361 VEL
941 1313 1288 1363 VOLUNTA
1300 1315 1472 1363 TEM.

915 1447 1250 1495 Anrxcurus
1292 1459 1327 1495 1.

637 1569 736 1617 DE
776 1568 1084 1618 OBIECTO
1123 1567 1601 1618 VOLUNTATIS.

327 1694 363 1762 ξ
407 1712 450 1749 1.
517 1701 824 1750 Obiectum
863 1701 1177 1750 voluntatis
1215 1699 1547 1762 simpliciter
1584 1698 1915 1748 declaratur.

251 1842 305 1878 1.
350 1823 742 1898 Experientia
785 1833 952 1894 teste,
1009 1823 1071 1880 in
1115 1824 1295 1881 rebus
1344 1833 1513 1881 extra
1552 1841 1665 1880 nos
1708 1822 2119 1881 exsistentibus

112 1928 252 1967 non
291 1911 486 1971 solum
514 1913 633 1971 tale
661 1913 892 1971 bonum
922 1932 1285 1990 corporeum
1317 1921 1683 1983 concretum,
1728 1910 2117 1983 individuum,

113 2017 310 2058 sensu
337 2001 784 2076 apprehensum
813 2002 1170 2078 appetimuS,
1204 2000 1313 2060 sed
1343 2018 1461 2077 ope
1490 2000 1824 2059 intellectus
1852 2002 1915 2058 in
1945 2000 2122 2058 rebus

114 2088 532 2148 materialibus
573 2091 758 2167 ipsam
801 2094 1081 2149 rationem
1123 2091 1505 2149 universalem
1546 2090 1680 2147 boni
1704 2088 2035 2163 detegimus
2064 2098 2122 2145 et

119 2178 203 2235 ad
254 2177 446 2253 ipsum
489 2178 866 2238 inclinamur.

255 2295 306 2332 2.
363 2276 488 2334 Sub
546 2275 774 2335 lumine
830 2288 1030 2335 autem
1090 2288 1150 2336 et
1204 2278 1429 2335 influxu
1484 2275 1657 2334 huius
1713 2274 1955 2333 rationis
2000 2271 2123 2330 uni·

121 2364 372 2423 versalis
400 2365 550 2424 boni
580 2364 787 2423 omnia
813 2366 979 2423 bona
1007 2365 1329 2442 singularia
1360 2376 1419 2425 et
1436 2364 1817 2441 particularia
1838 2371 2122 2439 appetere

127 2469 464 2527 possumuS,
511 2464 573 2513 et
615 2454 716 2511 illa
759 2454 1004 2528 quidem
1047 2472 1172 2513 non
1202 2456 1395 2513 solum
1427 2452 1755 2512 materialia
1796 2451 1902 2510 sed
1945 2448 2123 2508 etiam

128 2542 472 2617 spiritualia.
517 2544 813 2601 Volumus
833 2543 996 2602 enirn
1016 2544 1112 2602 vel
1142 2561 1410 2601 amamus
1433 2540 1729 2611 iustitiam,
1752 2538 2120 2614 sapientiam,

127 2631 376 2703 bonum,
422 2633 759 2707 pulchrum,
804 2632 1069 2690 rationes
1097 2630 1229 2689 illas
1257 2648 1469 2689 omnes
1498 2628 1931 2697 immaterialeS,
1976 2643 2123 2700 quas

131 2720 483 2793 intellectuS,
536 2740 612 2780 ex
653 2720 724 2779 iis
767 2738 924 2795 quae
967 2739 1148 2795 supra
1190 2714 1271 2795 (p.
1320 2724 1412 2795 58.
1462 2714 1560 2794 59)
1603 2716 1873 2787 diximus,
1920 2732 2123 2772 secun-

134 2810 298 2869 dario
345 2809 771 2887 apprehendit.

245 2908 529 2967 Facultas
571 2926 718 2967 vero
736 2953 751 2978 ,
811 2925 969 2982 quae
1010 2907 1164 2965 haec
1210 2904 1414 2964 omnia
1454 2903 1541 2963 sic
1596 2902 1853 2978 appetit,
1911 2898 2124 2958 dicitur

135 2999 411 3055 volunta&

137 3161 167 3229 ξ
205 3179 252 3214 2.
325 3166 634 3215 obiectum
673 3165 964 3228 proprium
1004 3162 1319 3212 voluntatis
1356 3158 1675 3210 accuratius
1714 3154 2123 3204 determinatur.

253 3288 515 3346 Assertio
532 3310 552 3346 .·
586 3287 871 3346 Obiectum
888 3287 1199 3362 proprium
1227 3282 1537 3341 voluntatis
1562 3285 1646 3335 est
1669 3279 1794 3352 ipsa
1821 3276 1972 3332 ratio
1995 3272 2129 3329 boni

143 3377 402 3435 latissime
429 3384 654 3453 accepta
681 3394 776 3434 seu
805 3376 1010 3433 bonum
1037 3372 1361 3431 universale
1382 3366 1808 3427 indeterminate
1825 3366 2118 3434 sumptum.
