2367 3850
299 248 404 284 200
931 247 1265 284 THEOLOGIA
1307 247 1648 283 NATURALIS.

415 407 608 456 Statue
643 405 1014 468 quaestionis.
1095 395 1302 454 Sensus
1356 394 1527 454 huius
1582 394 1765 454 thesis
1821 405 1939 454 est:
2010 415 2061 452 1.
2121 393 2266 451 Deus
2326 449 2328 460 ,

294 496 382 545 est
423 485 746 545 substantia
787 484 1086 560 quaedam
1128 482 1436 543 individua
1476 484 1571 542 vel
1619 483 1931 559 singularis
1976 483 2269 557 completa

293 575 378 633 sui
422 575 578 645 iuris,
623 574 853 633 ratione
897 573 1168 649 praedita
1192 574 1226 630 ¹.
2328 556 2330 614 ἵ

420 693 469 731 2.
514 673 639 730 Ens
699 671 842 730 illud
901 671 1219 747 personale
1276 669 1357 729 ita
1412 680 1502 729 est
1554 670 1794 729 realiter
1848 669 2195 729 distinctum
2238 687 2269 725 a

293 762 538 833 mundo,
594 771 656 819 ut
695 778 896 835 neque
938 759 1010 819 sit
1050 759 1179 835 ipse
1222 759 1493 830 mundus,
1549 777 1751 834 neque
1793 777 1933 834 pars
1976 757 2269 834 quaedam
2328 749 2330 814 ζ

293 851 498 910 mundi
516 897 529 922 ,
601 850 709 910 sed
771 849 1016 924 aliquod
1077 867 1184 907 ens
1246 867 1425 925 supra
1484 848 1678 924 ipsum
1738 847 2128 908 ineffabiliter
2186 865 2269 905 ex·
2328 837 2330 842 ’

293 941 532 999 celsum.

412 1037 623 1096 Thesis
664 1037 750 1096 sic
779 1036 1080 1096 intellecta
1107 1047 1329 1111 negata
1364 1046 1454 1096 est
1491 1055 1526 1093 a
1556 1035 1882 1094 fautoribus
1914 1033 2267 1110 pantheismi

292 1146 472 1202 quem
514 1137 750 1197 vocant,
794 1125 918 1185 sive
959 1124 1212 1201 perfecti
1254 1125 1375 1184 sive
1418 1124 1772 1200 imperfecti.
2331 1141 2332 1154 ¹

409 1224 806 1282 Pantheismus
865 1217 992 1298 (πᾶν
1009 1266 1024 1293 ,
1085 1217 1239 1295 θεός)
1300 1222 1633 1297 generatim
1693 1221 1909 1280 dicitur
1978 1219 2269 1280 sententia

287 1332 525 1384 eorum,
585 1311 686 1386 qui
729 1314 926 1370 Deum
967 1331 1005 1370 a
1044 1313 1271 1371 mundo
1312 1330 1437 1370 non
1480 1311 1843 1370 sufficienter
1884 1310 2266 1385 distinguunt.

290 1405 395 1461 Est
436 1403 530 1460 vel
571 1401 954 1476 imperfectus
995 1401 1090 1459 vel
1133 1401 1447 1476 perfectus.

417 1521 464 1558 1.
511 1499 920 1557 Pantheismus
959 1498 1321 1574 imperfectus
1362 1508 1450 1557 est
1491 1509 1749 1574 systema
1788 1516 2017 1569 eorum,
2066 1497 2169 1571 qui

410 1599 509 1647 aut
551 1588 775 1658 dicunt,
818 1598 882 1645 ut
911 1589 1163 1658 Krause,
1208 1587 1495 1646 mundum
1540 1587 1817 1647 constitui
1853 1607 1890 1645 a
1918 1597 2094 1663 parte
2138 1603 2267 1660 qua-

289 1679 428 1737 dam
473 1677 590 1736 Dei
611 1677 660 1748 ’ς

409 1786 509 1833 aut
549 1777 746 1833 Deum
790 1792 920 1832 esse
963 1782 1195 1849 partem
1237 1773 1541 1849 quandam
1582 1773 1808 1833 mundi.

410 1872 507 1931 Sic
549 1871 748 1931 David
790 1890 826 1930 a
869 1871 1135 1930 Dinanto
1178 1867 1354 1945 (saeC.
1400 1867 1568 1946 XIII)
1612 1874 1811 1931 Deum
1850 1881 1917 1931 ut
1958 1869 2263 1930 materiam

289 1963 558 2037 primam,
603 1979 676 2019 ex
718 1979 835 2035 qua
877 1961 1134 2018 mundus
1175 1961 1479 2033 evolvitur,
1526 1962 1925 2037 concipiebat.

407 2059 743 2117 Amalricus
799 2059 876 2117 de
924 2059 1207 2117 Chartres
1264 2054 1423 2133 (item
1483 2077 1637 2117 saec.
1686 2054 1856 2132 XIII)
1902 2061 2107 2117 Deum
2164 2058 2264 2114 for-

287 2169 446 2207 mam
488 2148 695 2207 mundi
737 2166 866 2206 esse
909 2147 1130 2206 docuit.

407 2247 828 2307 Materialistae
872 2246 1134 2321 denique
1177 2266 1302 2305 non
1346 2248 1521 2322 pauci
1566 2248 1780 2306 nostris
1822 2246 2039 2305 diebus
2073 2247 2263 2304 Deum

293 2337 588 2395 «animam
631 2338 872 2395 mundi»
922 2354 1053 2395 esse
1095 2336 1303 2395 dicunt
1321 2337 1359 2395 ⁸.

413 2548 428 2578 ¹
466 2551 546 2598 De
598 2549 902 2598 substantiae
955 2556 1006 2598 et
1056 2566 1305 2613 personae
1358 2550 1562 2598 notione
1614 2550 1731 2598 vide
1783 2550 1882 2599 vol.
1938 2550 2014 2609 I,.
2051 2560 2156 2609 270
2192 2564 2257 2611 sq.

409 2627 430 2659 ²
473 2631 550 2677 «A
592 2630 914 2693 pantheismo
953 2645 1057 2679 non
1095 2638 1172 2677 est
1212 2630 1442 2677 immunis
1480 2631 1892 2693 panentheismus
1930 2629 1988 2678 C.
2030 2629 2130 2676 Th.
2170 2627 2261 2674 Fri-

288 2710 442 2759 derici
481 2710 678 2758 Krause
721 2706 1146 2772 (1781—1832).
1224 2709 1510 2758 Secundum
1562 2711 1757 2758 Krause
1809 2709 1943 2758 enim
1996 2710 2142 2758 Deus
2192 2716 2262 2755 est

287 2790 490 2854 quidem
529 2790 748 2839 essentia
784 2790 960 2853 prima,
999 2790 1220 2839 essentia
1258 2790 1565 2853 simpliciter,
1604 2788 1901 2854 personalis,
1942 2789 2112 2837 beata.
2165 2787 2257 2836 Sed

287 2870 412 2919 haec
450 2870 670 2919 essentia
705 2870 772 2918 ita
809 2877 886 2918 est
923 2870 1050 2917 ratio
1089 2870 1367 2917 immanens
1418 2886 1582 2918 rerum
1634 2870 2005 2928 universarum,
2066 2877 2122 2916 ut
2172 2868 2258 2915 hae

285 2966 364 2998 res
429 2950 554 2998 nihil
616 2950 750 2999 aliud
800 2949 902 2998 sint
953 2949 1046 2998 nisi
1094 2949 1401 2999 combinatio
1453 2951 1699 3015 quaedam
1762 2947 1879 3013 (das
1932 2944 2254 3009 Zusammen)

285 3030 432 3078 trium
485 3031 810 3079 essentiarum
861 3029 1307 3079 fundamentalium
1360 3030 1411 3077 in
1466 3046 1563 3078 una
1614 3030 1829 3079 essentia
1880 3030 2040 3094 prima
2096 3029 2253 3077 distin-

285 3111 625 3174 guendarum;
679 3126 807 3174 quae
859 3119 959 3160 tres
1010 3111 1262 3159 essentiae
1316 3119 1459 3159 sunt:
1519 3111 1720 3173 ipseitas
1775 3107 1885 3174 (die
1936 3106 2252 3171 Selbstheit),

287 3190 506 3239 totalitas
549 3187 657 3254 (die
697 3188 972 3253 Ganzheit)
994 3229 1005 3251 ,
1061 3191 1180 3239 unio
1234 3190 1573 3239 substantialis
1624 3190 1871 3255 ipseitatis
1915 3198 1965 3239 et
2002 3188 2252 3239 totalitatis

289 3267 803 3332 (Vereinswesenheit
853 3286 952 3318 von
994 3269 1277 3318 Selbstheit
1327 3270 1432 3318 und
1486 3267 1793 3333 Ganzheit)»
1850 3266 2100 3333 (Boedder
2147 3272 2177 3319 1.
2214 3284 2252 3317 c.

285 3364 335 3410 p.
382 3347 524 3411 156).

408 3424 429 3456 ⁸
465 3427 542 3475 Cf.
581 3428 681 3475 vol.
723 3430 762 3487 1,
804 3441 923 3487 400.
