2367 3850
85 143 102 150 ,.

35 163 68 184 Ὗ,

16 349 32 368 ,ί

16 369 26 404 ἔ

16 405 30 420 h

698 229 776 266 nn
815 229 1210 267 PRovaN‘mA
1248 229 1474 268 Divum.
1966 228 2067 282 255

224 377 485 435 Gradum
527 395 673 436 vero
714 378 1102 453 perfectionis
1142 379 1314 436 huius
1354 377 1745 436 ordinationis
1786 377 1953 453 quod
1994 389 2074 436 at·

122 467 272 538 tinet,
333 476 467 524 sunt
526 467 629 542 qui
691 467 1112 526 contenderint
1172 468 1447 526 ordinem
1504 468 1675 525 huius
1732 467 1939 524 mundi
1994 469 2071 526 ad

122 557 275 613 finem
327 557 596 614 absolute
653 557 924 615 ultimum
986 556 1383 615 obtinendum
1440 556 1521 614 ita
1576 575 1639 615 se
1694 556 1918 615 habere
1934 603 1948 628 ,
2008 565 2073 615 ut

122 645 318 702 nullum
372 645 535 703 aliud
588 646 774 720 possit
829 663 959 703 esse
1002 654 1259 722 systema
1276 690 1291 718 ‚
1355 646 1519 720 quod
1540 691 1554 717 ,
1618 644 1666 703 si
1709 647 1873 704 Deus
1926 646 2071 705 illud

123 745 353 806 crearet,
408 733 620 793 melius
681 752 744 793 se
784 733 1010 792 habere
1065 744 1285 810 posset.
1373 735 1661 793 Fautores
1716 733 1885 792 huius
1932 734 2073 793 doc-

117 823 281 881 trinae
295 871 309 896 ,
369 841 524 898 quae
581 823 926 899 optimismus
965 822 1184 881 dicitur
1225 830 1605 897 exaggeratus
1618 867 1637 892 ‚
1696 823 1850 881 inter
1906 842 2075 899 prae-

117 912 318 987 cipuos,
363 921 500 970 sunt
541 912 808 983 Leibniz,
852 912 1307 983 Malebranche,
1352 910 1649 970 Rosmini.

220 1008 444 1068 Contra
484 1009 616 1068 illos
659 1011 737 1081 si,
794 1008 948 1069 duce
993 1011 1051 1068 S.
1095 1013 1367 1070 Doctore
1386 1056 1400 1082 ,
1461 1009 1620 1068 viam
1677 1019 1737 1068 et
1778 1010 2071 1068 rationem

115 1099 410 1174 sequimur,
457 1100 534 1158 de
563 1100 928 1174 praestantia
954 1100 1124 1158 huius
1166 1099 1393 1158 ordinis
1420 1101 1573 1158 haec
1616 1109 1751 1158 sunt
1777 1099 2070 1158 tenenda:

222 1217 266 1254 1.
309 1197 432 1254 fflc
455 1197 698 1255 mundus
723 1204 806 1254 est
828 1207 1057 1256 relative
1095 1199 1353 1274 optimus,
1396 1197 1433 1255 i.
1465 1216 1517 1256 e.
1549 1197 1700 1254 ordo
1729 1196 1844 1267 ille,
1890 1215 2069 1271 quem

113 1287 256 1344 Deus
296 1285 453 1344 inter
494 1285 765 1345 diversos
806 1287 1172 1345 diversarum
1219 1304 1419 1345 rerum
1459 1287 1608 1344 fines
1635 1284 1897 1356 instituit,
1942 1285 2073 1343 talis

112 1384 203 1442 est,
241 1386 302 1433 ut
343 1374 779 1450 perfectissimo
819 1374 1005 1434 modo
1048 1377 1126 1434 ad
1168 1374 1331 1433 illum
1374 1376 1627 1451 gradum
1685 1374 1912 1450 gloriae
1956 1373 2072 1433 Dei

111 1473 165 1519 et
198 1463 486 1522 felicitatis
535 1463 796 1522 hominis
837 1464 911 1522 sit
952 1465 1295 1540 adaptatus,
1359 1482 1538 1538 quem
1582 1466 1745 1522 Deus
1800 1463 2069 1522 intendit.

111 1552 380 1627 Sequitur·
410 1571 486 1611 ex
526 1553 756 1611 infinita
798 1553 914 1612 Dei
957 1553 1267 1629 sapientia,
1312 1553 1598 1625 bonitate,
1642 1554 1928 1629 potentia.

220 1671 268 1708 2.
311 1650 434 1708 Hic
457 1651 700 1709 mundus
726 1671 840 1709 non
879 1659 965 1709 est
999 1661 1261 1710 absolute
1302 1653 1559 1728 optimus,
1604 1661 1669 1710 ut
1708 1661 1913 1709 tenent
1955 1652 2072 1711 fau·

105 1749 254 1798 tores
295 1739 619 1816 optimismi
661 1741 1018 1816 exaggerati.
1077 1743 1200 1799 Hic
1241 1741 1495 1799 m‘undus
1538 1741 1697 1799 enim
1741 1750 1831 1800 est
1857 1739 2068 1813 finituS,

109 1839 164 1886 et
199 1828 579 1888 materialiter
632 1839 691 1887 et
746 1829 1074 1888 formaliter
1113 1839 1411 1906 spectatus
1440 1830 1472 1888 ¹.
1559 1831 1721 1904 Ergo
1780 1831 2069 1889 maiorem

107 1919 286 1993 potuit
311 1919 537 1978 habere
567 1919 818 1993 gradum
847 1917 1122 1993 entitatis,
1167 1938 1291 1995 quo
1333 1918 1712 1977 excellentius
1741 1919 2068 1979 bonitatem

106 2007 356 2066 divinam
399 2008 870 2068 similitudinarie
913 2008 1300 2085 participaret
1340 2010 1435 2067 vel
1467 2011 1662 2067 Deum
1692 2009 2067 2084 glorificaret.

129 2188 162 2256 ξ
198 2206 243 2241 2.
301 2196 388 2243 De
425 2194 837 2256 gubernatione
877 2194 1065 2243 divina
1104 2194 1362 2244 omnium
1401 2210 1585 2245 rerum
1623 2199 2054 2246 mundanarum.

220 2309 263 2366 I.
314 2319 402 2367 De
440 2318 851 2380 gubernatione
890 2318 1078 2368 divina
1114 2320 1440 2382 generatim.

217 2449 436 2499 Thesis.
515 2442 682 2499 Deus
721 2459 814 2500 res
852 2443 1174 2500 mundanas
1214 2460 1401 2501 omnes
1441 2450 1497 2499 et
1533 2443 1806 2516 singulas,
1849 2442 1945 2500 vel
1978 2444 2073 2499 mi-

105 2530 297 2598 nimas,
340 2531 746 2606 sapientissime
778 2533 1079 2605 gubernat.

217 2672 410 2721 Status
449 2674 818 2734 quaestionis.
901 2664 1106 2722 Priore
1147 2664 1298 2723 thesi
1354 2664 1657 2723 statuimus
1700 2666 1895 2723 Deum
1915 2711 1927 2735 ,
1990 2684 2076 2723 sa·

104 2750 462 2823 pientissima
521 2752 862 2828 provisione
881 2800 895 2825 ,
955 2752 1215 2829 singulas
1274 2772 1368 2812 res
1428 2754 1506 2812 ad
1565 2755 1747 2812 finem
1805 2753 2072 2812 ultimum

103 2839 426 2899 ordinasse.

213 2938 477 2997 Ulterius
532 2958 678 2998 vero
735 2940 1184 3015 progrediendo
1239 2940 1341 2998 hic
1396 2939 1817 2999 contendimus
1877 2943 2073 2999 Deum

99 3044 218 3083 non
259 3028 454 3085 solum
497 3027 740 3103 singulis
783 3029 961 3087 rebus
1002 3030 1151 3087 fines
1211 3048 1349 3087 suos
1392 3030 1688 3101 statuisse,
1746 3030 1853 3087 sed
1897 3030 2076 3089 etiam

103 3124 394 3175 creaturas
438 3134 666 3187 omnes,
709 3119 804 3175 vel
847 3117 1152 3190 minimas,
1212 3118 1291 3177 ad
1345 3120 1525 3178 finem
1569 3118 1645 3176 ab
1687 3118 1820 3193 ipso
1862 3118 2075 3177 consti-

103 3216 278 3267 tutum
322 3206 612 3266 continuo
656 3206 932 3282 dirigere,
977 3206 1158 3283 idque
1202 3206 1653 3282 sapientissime.

223 3418 235 3448 ¹
277 3419 357 3467 Cf.
398 3417 501 3466 vol.
540 3418 580 3479 I,
623 3418 724 3479 389
763 3427 815 3466 et
853 3430 975 3480 394.
