2367 3850
690 171 767 206 DE
806 171 1293 209 IMMORTALITATE
1331 173 1574 210 ANlMAE.
2027 173 2114 226 151

264 318 445 393 Atqui
487 317 688 375 anima
730 319 991 376 humana
1031 338 1155 378 non
1199 320 1382 379 habet
1422 331 1649 396 parteS,
1699 340 1896 396 neque
1939 341 2121 398 quan-

85 453 87 456 ,
152 405 393 464 titativas
448 424 648 480 neque
708 407 1146 466 constitutivas:
1207 418 1296 467 est
1351 409 1511 468 enim
1567 409 1818 485 simplex
1873 405 1954 486 (p.
2011 429 2114 486 117

154 506 212 551 et
259 516 281 552 1
297 490 407 570 19).

268 585 425 657 Ergo
468 585 671 642 anima
712 585 973 644 humana
1015 597 1105 644 est
1144 586 1608 663 incorruptibilis
1649 605 1759 664 per
1803 606 1866 646 se

267 683 339 739 ΙΙ.
370 681 587 739 Anima
614 683 869 740 humana
899 691 981 740 est
1005 686 1445 760 incorruptibiltk
1460 693 1574 760 per
1598 686 1858 743 accidens.
1920 687 2119 744 Omne

153 771 309 845 quod
363 781 453 828 est
508 771 840 846 spirituale,
905 782 994 830 est
1036 772 1486 849 incorruptibile
1530 792 1639 849 per
1681 773 1992 832 accidens:
2038 793 2123 833 se-

152 860 337 934 quitur
378 878 451 917 ex
491 859 743 919 notione
784 860 1207 935 spiritualitatis
1249 871 1308 920 et
1349 879 1424 920 ex
1468 873 1678 920 natura
1725 863 2121 937 corruptionis

154 967 257 1023 per
295 947 595 1007 accidens.

266 1038 448 1112 Atqui
492 1038 694 1096 anima
736 1039 997 1096 humana
1040 1050 1128 1097 est
1170 1040 1484 1114 spiritualis
1511 1036 1606 1115 ·(p.
1663 1056 1767 1115 105
1803 1035 1996 1116 sqq.)..

267 1129 425 1201 Ergo
469 1127 671 1185 anima
712 1129 973 1186 humana
1026 1139 1114 1186 est
1162 1128 1625 1205 incorruptibilis
1668 1147 1778 1204 per
1818 1129 2116 1188 accidens.

264 1278 467 1328 'rhesis
507 1279 575 1325 11.
652 1268 869 1325 Anima
910 1268 1161 1326 humana
1191 1276 1329 1344 post
1366 1277 1597 1327 mortem
1637 1271 1878 1328 hominis
1917 1289 2120 1328 revera

152 1361 256 1414 erit
289 1365 579 1434 superstes.

264 1509 453 1557 Status
492 1508 859 1570 quaestionis.
942 1500 1095 1558 Cum
1138 1499 1339 1557 anima
1391 1500 1652 1558 humana
1696 1519 1805 1574 per
1846 1510 2116 1559 naturam

153 1606 305 1646 suam
347 1589 418 1646 sit
462 1587 713 1645 omnino
760 1588 1250 1663 incorruptibiliS‚
1308 1588 1600 1664 sequitur,
1659 1599 1721 1646 ut
1771 1589 1896 1647 eius
1937 1607 2116 1660 morS,

153 1678 196 1734 si
235 1677 638 1752 contingeret,
698 1677 865 1735 aliter
908 1675 1193 1752 explicari
1234 1695 1358 1735 non
1401 1689 1601 1753 posset
1655 1677 1764 1735 nisi
1806 1696 1916 1752 per
1957 1678 2117 1736 anni-

154 1766 506 1824 hilationem.

262 1854 496 1913 Dicitur
538 1865 734 1913 autem
778 1854 1093 1912 annihilari
1136 1855 1227 1926 id,
1277 1853 1441 1913 cuius
1484 1854 1738 1914 essentia
1780 1854 1860 1913 ita
1902 1854 2117 1913 desinit

150 1963 269 2004 esse
309 1945 371 2002 in
416 1945 631 2003 ordine
674 1946 1008 2015 actualium,
1052 1956 1115 2001 ut
1156 1946 1306 2002 m'lzil
1341 1946 1464 2003 eius
1508 1954 1813 2003 remaneat
1835 1946 1867 2002 ¹.

254 2035 439 2093 Thesi
481 2042 686 2091 nostra
726 2032 982 2109 proinde
1026 2033 1443 2092 contendimus
1499 2034 1752 2091 futurum
1799 2052 1924 2091 non
1968 2051 2113 2103 esse,

149 2134 203 2179 ut
245 2135 382 2198 post
438 2131 693 2181 mortem
747 2123 1005 2180 hominis
1061 2123 1262 2180 anima
1315 2123 1546 2180 desinat
1601 2140 1728 2181 esse
1785 2123 1845 2179 in
1902 2122 2114 2180 ordine

150 2212 471 2282 actualium,
518 2211 624 2270 sed
668 2211 858 2286 ipsam
900 2211 963 2268 in
1006 2230 1136 2269 esse
1180 2230 1288 2269 suo
1319 2212 1554 2269 animae
1595 2212 1889 2269 humanae
1921 2229 2114 2286 super-

149 2302 331 2359 stitem
373 2304 629 2359 futuram
673 2318 817 2358 esse.
1517 2286 1530 2303 ⁸
1875 2300 1878 2306 '

255 2453 461 2501 Thesis
498 2452 770 2515 probatio.
846 2441 1103 2500 Animae
1160 2440 1649 2499 annihilationem
1692 2459 1816 2498 non
1858 2438 1974 2497 nisi
2014 2439 2114 2496 du-

150 2532 279 2605 plici
329 2531 513 2590 modo
571 2532 727 2602 fieri,
791 2532 1018 2605 fingere
1073 2546 1414 2606 possumus:
1478 2530 1573 2587 vel
1623 2548 1733 2604 per
1793 2528 2109 2597 actionem,

148 2619 302 2678 cuius
352 2620 637 2679 terminus
692 2630 847 2679 esset
887 2620 1140 2677 remotio
1182 2619 1358 2677 totius
1413 2618 1650 2676 animae
1693 2616 1982 2677 essentiae
2039 2634 2109 2673 ex

152 2710 352 2769 ordine
386 2709 718 2779 actualium,
762 2710 859 2767 vel
889 2726 995 2784 per
1025 2710 1419 2767 cessationem
1449 2707 1716 2778 actionis,
1761 2725 1879 2781 qua
1917 2707 1977 2762 in
2007 2722 2112 2763 suo

152 2816 273 2857 esse
310 2808 707 2857 conservatur.

263 2890 384 2946 Iam
424 2906 568 2947 vero
628 2888 791 2964 prior
838 2887 1167 2961 suppositio
1210 2886 1469 2944 absurda
1509 2896 1630 2958 est3
1672 2885 1907 2943 actione
1951 2884 2110 2941 enim

157 2976 365 3051 efficere
402 2978 561 3047 nihil,
606 2976 717 3035 sibi
760 2986 1070 3051 repugnat.
1156 2976 1360 3032 Altera
1403 2993 1546 3032 vero
1577 2972 1936 3048 hypothesiS,
1983 2970 2107 3041 etsi,

159 3066 405 3125 absolute
446 3077 727 3142 spectata,
776 3066 998 3123 nullam
1042 3064 1496 3140 repugnantiam
1540 3061 1813 3132 involvit,
1858 3062 2111 3135 spectatis

273 3272 289 3303 ¹
323 3276 513 3327 Recole.
540 3294 669 3343 quae
707 3278 771 3327 de
817 3277 1136 3341 corruptione
1190 3285 1240 3323 et
1290 3276 1354 3323 de
1407 3272 1764 3322 annihilatione
1817 3271 1867 3317 in
1921 3286 2108 3318 cosmo-

160 3351 281 3419 logia
316 3356 443 3406 dicta
479 3368 595 3407 sunt
630 3358 732 3407 vol.
770 3359 811 3418 1,
853 3367 953 3419 375
994 3366 1045 3404 et
1084 3356 1205 3419 376.

2280 3172 2287 3321 q—-l>—-—.
2284 3145 2289 3165 Α..
2284 3108 2289 3115 .
2287 3088 2289 3097 Α,
