2367 3850
1945 0 2186 21 -QYW

280 207 346 268 38
725 215 1224 252 ANTHROPOLOGIA.
1290 214 1427 250 PARS
1468 212 1811 250 ANALYTICA.

279 365 440 425 enim
483 383 621 423 cum
662 365 908 423 veritate
951 362 1173 421 dictum
1230 372 1347 421 est:
1414 361 1708 419 «Obscura
1760 367 2026 429 textura,
2084 361 2237 418 obscu-

278 457 459 513 riores
500 455 696 523 morbi,
728 453 1057 527 functiones
1097 453 1567 509 obscurissimae.»

407 543 674 617 «Quodsi
716 544 883 601 locus
927 542 1297 601 concedatur
1358 539 1745 598 rationalibus
1806 537 2236 615 suspicionibus

281 633 547 693 dicemus
565 679 578 704 ,
636 631 863 690 fibrillis
905 631 1048 702 illis,
1095 648 1250 706 quae
1293 647 1484 706 prope
1528 628 1918 688 substantiam
1960 628 2238 686 cineream

282 722 582 797 utriusque
610 721 1060 796 hemisphaerae
1083 718 1446 778 constituunt
1465 717 1849 777 substantiam
1870 717 2241 776 medullarem

283 810 500 870 coloris
542 810 870 881 albicantis,
915 808 1221 868 transferri
1262 807 1685 883 impressiones
1712 816 1995 882 acceptas
2024 826 2060 864 a
2087 808 2242 865 rebus

284 899 576 959 extraneis
619 898 697 957 ad
739 899 999 970 cellulas,
1045 916 1201 973 quae
1245 898 1494 956 cellulae
1536 896 1691 954 intus
1728 896 2145 971 impressiones
2173 915 2243 953 re·

285 989 512 1065 cipiunt
569 1007 895 1063 earumque
949 987 1197 1063 vestigia
1252 986 1528 1045 retinent.
1614 986 1980 1044 Cellularum
2038 983 2099 1042 in
2150 984 2243 1042 ista

284 1079 608 1136 substantia
652 1078 891 1136 cinerea
934 1077 1065 1151 plus
1108 1094 1289 1150 quam
1330 1075 1542 1133 millies
1584 1074 1880 1132 milliones
1922 1084 2075 1132 sunt.

412 1174 689 1251 «Ganglii
743 1173 865 1232 sive
915 1173 1114 1231 nuclei
1173 1172 1553 1231 subcinericii
1609 1173 1857 1244 coloriS,
1923 1180 2245 1230 constantes

286 1263 527 1334 cellulis,
574 1263 675 1339 qui
717 1273 852 1321 sunt
891 1262 1045 1320 infra
1087 1261 1475 1320 substantiam
1518 1261 1911 1320 medullarem
1953 1259 2244 1319 albicantis

286 1353 534 1424 coloris,
593 1351 870 1412 destinati
926 1370 1055 1410 esse
1112 1351 1390 1409 videntur
1443 1351 1522 1408 ad
1578 1349 2034 1425 coniungendas
2087 1351 2245 1408 fibras

287 1441 593 1501 sensitivas
637 1460 772 1500 cum
800 1440 964 1499 fibris
991 1440 1356 1513 motoribus3
1398 1458 1600 1516 neque
1649 1440 1852 1515 inepte
1897 1439 2120 1498 iudicat
2158 1437 2242 1513 qui

288 1531 669 1591 efficientiam
712 1530 1037 1606 physicam,
1085 1548 1240 1604 quae
1283 1529 1452 1588 simul
1496 1548 1633 1588 cum
1661 1529 1924 1604 acceptis
1954 1529 2246 1604 speciebus

289 1619 589 1696 impressis
618 1620 678 1677 in
710 1637 925 1678 nervos
954 1619 1266 1678 sensitivos
1295 1628 1657 1690 exerceatur,
1694 1617 2072 1676 transmutari
2099 1627 2246 1693 putet

292 1720 351 1768 et
391 1709 561 1768 simul
605 1727 740 1767 cum
783 1709 910 1767 aliis
951 1708 1209 1783 energiis
1252 1707 1330 1766 ad
1373 1708 1724 1766 efficiendos
1751 1718 1946 1766 motus
1974 1706 2242 1765 abhiberi.

416 1805 682 1879 «Quodsi
726 1806 967 1864 cellulas
1008 1804 1367 1864 substantiae
1412 1805 1688 1863 cinereae
1745 1804 1899 1864 inter
1962 1823 2025 1863 se
2079 1804 2240 1862 variis

291 1896 572 1954 fibrarum
617 1894 908 1954 fasciculis
951 1895 1118 1971 quasi
1161 1913 1271 1971 per
1313 1893 1621 1953 reticulam
1675 1912 1935 1954 conexas
1978 1893 2244 1964 videmus,

289 1986 443 2044 haec
498 2003 694 2043 rerum
755 1985 1066 2061 apparatio
1127 1985 1204 2043 ad
1266 1985 1621 2043 servandam
1682 1984 1911 2043 facilius
1982 1984 2248 2042 unitatem

289 2198 423 2247 leurs
461 2197 746 2261 proprietes
783 2198 1201 2263 physiologiques
1240 2198 1553 2247 distinctives
1592 2205 1709 2247 sont
1745 2196 2086 2247 l’excitabilite'
2121 2206 2170 2245 et
2211 2196 2251 2243 la

295 2277 704 2337 conductibilite;
758 2278 882 2327 mais
919 2278 969 2325 la
1007 2279 1392 2328 conductibilite
1431 2278 1622 2327 semble
1661 2277 1821 2328 n’etre
1875 2278 2059 2343 qu'une
2107 2279 2251 2327 forme

294 2357 608 2423 particuliere
661 2358 724 2407 de
775 2357 1134 2408 l’excitabilite.
1211 2360 1311 2407 Les
1363 2358 1515 2407 fibres
1568 2358 1688 2406 d’un
1742 2360 1858 2407 nerf
1903 2375 1967 2407 ne
2021 2367 2132 2408 sont
2172 2373 2252 2421 pas

294 2438 684 2497 anastomose'es,
726 2438 953 2488 chacune
993 2440 1245 2487 constitue
1283 2454 1382 2487 une
1420 2440 1531 2487 voie
1560 2439 1733 2489 isolee.
1781 2440 1857 2487 La
1883 2438 2252 2489 conductibilite

296 2520 362 2565 du
401 2518 516 2566 nerf
548 2518 708 2583 exige,
751 2528 800 2567 et
839 2520 961 2568 c’est
999 2518 1048 2567 la
1086 2520 1225 2568 seule
1265 2519 1526 2568 condition
1565 2520 1779 2584 requise,
1822 2536 1918 2584 que
1951 2519 1999 2568 le
2028 2520 2254 2583 cylindre-

295 2615 385 2646 axe
423 2598 522 2647 soit
559 2600 778 2648 continu.
810 2638 819 2647 .
851 2638 862 2648 .
894 2638 904 2648 .
969 2599 1287 2664 Lorsqu'une
1326 2599 1452 2648 fibre
1491 2615 1735 2648 nerveuse
1774 2618 1803 2648 a
1841 2601 1921 2649 ete'
1960 2600 2252 2654 sectionnee,

295 2695 362 2728 on
402 2696 431 2726 a
468 2679 598 2728 beau
634 2687 868 2729 remettre
905 2696 968 2729 en
1009 2688 1212 2729 contact
1250 2681 1382 2730 aussi
1420 2681 1733 2729 intimement
1771 2697 1868 2744 que
1920 2681 2146 2745 possible
2192 2679 2255 2726 les

298 2759 428 2808 deux
465 2760 715 2820 sections,
770 2761 817 2808 le
854 2760 1072 2825 pouvoir
1110 2760 1174 2808 de
1215 2761 1523 2810 conduction
1564 2769 1642 2810 est
1692 2760 1859 2820 aboli,
1915 2769 1966 2808 et
2017 2768 2253 2824 pourtant,

297 2840 340 2888 1ει
384 2841 640 2902 1=r=.÷;:-.r]=.5te
679 2842 742 2889 de
783 2842 1024 2890 conduire
1075 2841 1124 2890 le
1177 2848 1389 2890 courant
1438 2839 1688 2906 e'lectrique
1738 2841 1983 2901 subsiste,
2042 2838 2072 2889 ὲ
2120 2840 2255 2906 peine

295 2923 545 2971 morlines.
577 2959 587 2969 .
619 2960 628 2969 .
662 2959 672 2969 .
749 2922 832 2970 On
872 2938 902 2969 a
938 2922 1132 2971 mesure
1173 2923 1222 2969 la
1259 2921 1441 2971 vitesse
1481 2923 1549 2970 du
1601 2930 1812 2971 courant
1867 2938 2117 2970 nerveux:
2172 2919 2255 2969 elle

296 3009 372 3049 est
409 3002 472 3049 de
513 3013 581 3062 30
619 3001 801 3050 metres
839 3002 1049 3050 environ
1092 2998 1122 3050 ὲ.
1158 3002 1207 3049 la
1246 3003 1496 3060 seconde,
1550 3003 1678 3051 dans
1729 3004 1803 3051 les
1855 3004 1991 3051 nerfs
2036 3010 2256 3058 moteurs,

298 3089 348 3129 et
386 3081 449 3129 de
488 3083 557 3129 60
594 3081 777 3131 metros
816 3083 941 3130 dans
979 3082 1054 3131 les
1092 3082 1230 3130 nerfs
1269 3082 1504 3131 sensitifs.
1558 3084 1601 3131 11
1641 3083 1833 3131 semble
1871 3082 2087 3131 resulter
2124 3082 2183 3130 de
2214 3076 2258 3127 la

298 3177 395 3226 que
435 3178 492 3211 ce
532 3171 742 3211 courant
779 3161 909 3211 n'est
946 3162 1251 3211 assimilable
1291 3163 1343 3210 ni
1383 3159 1413 3210 ὲ
1437 3179 1505 3210 un
1534 3170 1743 3212 courant
1770 3162 2060 3228 electrique‚
2103 3163 2152 3211 ni
2176 3178 2255 3210 aux

296 3243 578 3291 vibrations
614 3242 936 3303 lumineuses,
977 3245 1030 3291 ni
1068 3243 1230 3293 meme
1269 3260 1364 3292 aux
1400 3244 1675 3292 vibrations
1713 3259 1936 3303 sonores,
1978 3243 2106 3292 mais
2140 3244 2171 3291 il
2194 3249 2257 3291 est

298 3323 605 3386 impossible,
646 3322 773 3371 dans
799 3321 940 3371 l'etat
975 3322 1141 3372 actuel
1171 3324 1235 3371 de
1261 3323 1310 3371 la
1335 3324 1548 3382 science,
1591 3324 1654 3372 de
1681 3324 1916 3388 preciser,
1945 3322 2099 3372 d'une
2125 3324 2253 3384 faqon

289 3403 512 3466 positive,
553 3403 616 3450 de
654 3401 819 3465 quelle
858 3411 1032 3451 nature
1072 3402 1107 3450 il
1145 3411 1250 3452 est»
1298 3400 1539 3465 (Mercier
1573 3404 1604 3453 1.
1647 3422 1687 3453 c.
1728 3421 1779 3468 p.
1826 3417 1923 3453 102
1963 3414 2013 3453 et
2059 3401 2195 3467 104).
