2367 3850
300 249 366 306 36
740 258 1244 295 ANTHROPOLOGIA.
1312 258 1447 294 PARS
1489 258 1835 295 ANALYTICA.

420 409 544 464 Iam
587 424 730 464 vero
783 424 855 464 ex
911 407 1129 464 cerebro
1184 413 1241 463 et
1291 406 1537 463 medulla
1591 406 1894 479 oblongata
1948 404 2251 464 duodecies

297 496 423 553 bini
465 495 633 553 nervi
675 495 1128 570 proficiscuntur
1171 490 1290 569 (fig.
1324 513 1376 568 3,
1422 509 1638 565 J—J2,
1682 495 1837 553 inter
1866 513 2017 570 quos
2056 512 2252 552 nervus

298 586 527 660 opticus
567 601 619 642 e.
663 603 752 660 g.,
798 583 899 659 qui
941 594 1028 642 est
1069 578 1419 658 secundus)3
1476 601 1551 642 ex
1592 585 1837 641 medulla
1876 601 2022 642 vero
2062 584 2256 659 spinuli

298 674 562 750 trigesies
604 673 787 731 semel
829 672 955 729 bini
982 674 1014 743 ¹,
1073 672 1134 730 in
1192 671 1406 747 quibus
1452 672 1686 731 radices
1743 672 2107 748 posteriores
2146 690 2254 730 sen-

297 762 527 834 sationi,
571 760 895 820 anteriores
937 761 1185 820 motioni
1229 760 1555 821 inserviunt
1597 757 1714 839 (fig.
1761 782 1794 837 3
1840 783 1879 820 a
1921 772 1980 819 et
2019 763 2114 837 fig.
2162 780 2186 834 7
2216 759 2262 834 f

299 851 562 910 radicem
603 850 978 922 anteriorem,
1022 853 1057 907 b
1096 869 1242 910 vero
1280 853 1376 926 fig.
1410 871 1443 925 3
1489 861 1616 924 etg
1653 852 1749 927 fig.
1785 870 1813 924 7
1862 851 2129 910 radicem
2169 868 2254 925 po-

298 942 604 1000 steriorem
645 939 812 998 nervi
855 939 1095 1015 spinalis
1137 935 1626 1016 repraesentant).

417 1032 487 1087 In
530 1029 798 1104 corporis
839 1028 1179 1104 peripheria
1230 1029 1402 1087 nervi
1458 1039 1721 1087 motores
1762 1029 2152 1087 terminantur
2191 1027 2254 1085 ad

298 1129 622 1187 musculos,
679 1119 779 1194 qui
823 1127 957 1177 sunt
998 1136 1227 1193 organa
1268 1127 1491 1188 motus,
1551 1118 1719 1176 nervi
1767 1128 1965 1177 autem
2008 1116 2252 1176 sensitivi

298 1209 538 1267 fibrillas
597 1227 730 1266 suas
786 1225 1006 1282 magno
1062 1225 1313 1265 numero
1373 1207 1720 1283 expandunt
1775 1207 1838 1264 in
1894 1206 2256 1283 apparatibus

299 1297 651 1373 quibusdam
709 1296 1065 1373 specialibus
1083 1342 1096 1367 ,
1160 1296 1263 1372 qui
1319 1306 1452 1355 sunt
1506 1315 1729 1370 organa
1782 1316 2042 1354 sensuum
2097 1303 2255 1354 exter·
2322 1368 2326 1373 ⁴

299 1407 518 1444 norum.
2319 1376 2340 1620 Ι

508 1551 543 1619 ἓ
583 1567 629 1604 2.
688 1557 774 1604 De
812 1555 1168 1619 physiologia
1208 1555 1515 1618 organismi
1554 1555 1700 1604 vitae
1739 1556 2064 1605 sensitivae.

419 1681 465 1736 Ι.
527 1689 612 1736 De
665 1687 1026 1750 physiologia
1078 1686 1421 1778 cognitionis
1467 1688 1791 1738 sensitivae.
1852 1710 1930 1716 —
1993 1675 2254 1753 Cognitio

298 1775 502 1825 nostra
542 1768 737 1866 mcffflt
785 1784 886 1838 eo,
945 1766 1111 1842 quod
1167 1766 1335 1825 nervi
1391 1767 1653 1825 sensitivi
1707 1767 1769 1825 in
1825 1767 2104 1826 extremis
2157 1763 2255 1823 suis

298 1855 580 1931 partibus,
625 1855 661 1914 i.
695 1874 747 1914 e.
778 1855 840 1912 in
871 1874 1099 1932 organo
1129 1873 1335 1915 sensus
1366 1857 1611 1929 externi,
1654 1867 1798 1933 puta
1825 1855 1888 1913 in
1916 1874 2059 1914 aure
2089 1855 2218 1913 vel
2207 1872 2253 1909 1n
2332 1898 2338 1906 .

299 1947 506 2016 oculo,
563 1947 892 2003 irrzmtantur
978 1946 1152 2020 Quae
1212 1945 1456 2020 quidem
1498 1946 1745 2004 irritatio
1788 1946 1853 2003 in
1895 1945 2144 2004 diversis
2182 1962 2256 2001 or-

298 2035 468 2110 ganis
524 2034 770 2093 diversis
825 2036 887 2092 fit
938 2035 1213 2093 motibus,
1300 2034 1400 2093 Sic
1455 2034 1517 2092 in
1574 2036 1749 2093 oculo
1803 2034 1959 2093 visus
2007 2045 2170 2093 motu
2206 2033 2256 2089 fit

299 2123 875 2199 chemico-physic03
903 2123 964 2181 in
995 2142 1152 2195 aure,
1185 2124 1434 2196 audituS,
1464 2135 1630 2182 motu
1657 2124 1941 2200 physico;
1971 2124 2035 2181 in
2053 2124 2254 2199 lingua,

298 2224 513 2290 gustus,
560 2224 619 2271 et
661 2213 721 2270 in
764 2213 1022 2284 naribuS,
1067 2214 1335 2285 olfactuS,
1381 2223 1545 2271 motu
1587 2213 1860 2272 chemico
1880 2214 1920 2272 ².

419 2302 519 2361 Ad
573 2302 972 2378 perficiendam
1014 2320 1159 2361 vero
1205 2302 1289 2361 rei
1334 2313 1614 2361 externae
1670 2302 2081 2378 cognitionem
2126 2302 2258 2359 haec

297 2410 502 2451 sensus
545 2392 773 2450 externi
814 2391 1060 2450 irritatio
1102 2409 1228 2449 non
1271 2391 1514 2463 sufficit,
1569 2390 1676 2450 sed
1718 2391 2049 2467 requiritur,
2095 2401 2157 2449 ut
2195 2389 2258 2447 ad

298 2482 610 2540 cerebrum
652 2498 838 2556 usque
881 2483 1048 2539 nervi
1083 2482 1339 2539 sensitivi
1376 2483 1706 2539 excitatione
1746 2479 2105 2539 traducatur.
2176 2476 2258 2536 Ad

296 2572 415 2629 hoc
456 2569 782 2628 inserviunt
822 2569 1073 2629 fibrillae
1114 2569 1460 2641 sensitivae‚
1519 2588 1674 2645 quae
1716 2570 1778 2627 in
1820 2569 2049 2642 nervis,
2108 2585 2258 2644 prae-

299 2658 500 2717 sertim
542 2668 740 2717 autern
782 2658 846 2716 in
885 2661 1156 2731 cerebr0‚
1202 2660 1598 2717 inveniuntur.
1681 2661 1900 2717 Totam
1943 2658 2107 2717 enirn
2150 2656 2261 2716 sub-

298 2748 575 2807 stantiam
616 2749 975 2807 albicantem
1005 2748 1239 2807 cerebri
1281 2748 1497 2807 scimus
1529 2758 1804 2806 constare
1845 2747 2092 2820 fibrinis,
2139 2765 2261 2822 qua-

298 2856 429 2895 rum
472 2837 624 2896 aliae
668 2833 937 2911 (fibrillae
981 2833 1414 2912 associationis)
1459 2838 1701 2897 cellulas
1742 2836 2108 2895 substantiae
2150 2854 2260 2894 cor·

300 2926 486 2985 ticalis
546 2927 700 2985 inter
759 2945 822 2985 se
883 2927 1254 3003 coniungunt
1323 2923 1441 3002 (fig.
1506 2947 1577 2985 10
1635 2921 1722 3001 β),
1797 2925 1950 2985 aliae
2005 2921 2260 3000 (fibrillae

299 3010 794 3089 commissurales)
839 3016 1079 3074 cellulas
1122 3016 1361 3074 alterius
1403 3015 1856 3091 hemisphaerae
1912 3034 2049 3073 cum
2092 3017 2261 3073 altera

299 3105 587 3179 colligunt
638 3100 754 3181 (fig.
806 3125 876 3162 10
921 3100 1008 3178 a),
1067 3105 1219 3163 aliae
1264 3100 1534 3179 (fibrillae
1581 3099 1989 3179 proiectionis)
2035 3104 2261 3162 cellulas

299 3193 659 3252 substantiae
701 3192 997 3252 corticalis
1039 3212 1177 3252 cum
1206 3193 1481 3251 omnibus
1512 3192 1737 3251 cellulis
1766 3192 1950 3268 partis
1978 3191 2260 3253 inferioris
2337 3260 2338 3265 η

427 3352 440 3383 ¹
481 3355 530 3401 in
570 3354 677 3401 aliis
714 3354 940 3417 trigesies
978 3354 1058 3401 bis
1098 3354 1217 3402 bini.

421 3430 443 3461 ²
482 3433 559 3481 Cf.
599 3433 817 3480 Landois
855 3432 887 3481 l.
929 3450 971 3481 c.
1012 3451 1062 3495 p.
1102 3433 1223 3493 890.
1264 3444 1383 3493 932.
