2367 3850
821 230 898 266 DE
936 229 1283 268 VOLUNTATE
1322 229 1439 267 DEI.
2014 228 2115 278 239

553 397 588 468 ἓ
627 415 673 452 2.
731 405 818 454 De
856 404 1105 454 libertate
1143 403 1455 454 voluntatis
1492 403 1732 454 divinae.

229 524 286 583 I.
353 535 451 582 De
503 533 827 582 exsistentia
873 541 929 582 et
964 533 1182 582 ambitu
1218 534 1489 584 libertatis
1526 532 1836 583 voluntatis
1874 531 2113 582 divinae.

238 677 270 712 1
287 703 300 716 .
347 657 526 714 Deus
567 664 728 714 amat
763 675 820 715 se
860 659 1041 732 ipsum
1082 657 1408 714 necessario.
1468 656 1640 714 Velle
1682 655 1844 714 enim
1886 653 1948 712 in
1979 657 2114 714 Deo

111 747 478 804 necessario
533 755 623 804 est
675 746 738 802 in
794 757 929 805 actu
983 744 1281 818 secundO,
1340 744 1605 820 alioquin
1662 744 1725 802 in
1768 746 1903 803 Deo
1960 753 2116 803 esset

9 854 18 867 ⁵
111 834 403 908 potentia
448 835 763 910 quaedam.
847 837 1009 910 Ergo
1051 835 1217 893 Deus
1259 833 1598 894 necessario
1655 843 1812 891 amat
1867 833 2111 909 aliquid.

114 924 236 981 Sed
289 925 448 981 nihil
491 921 688 999 potest
730 941 932 982 amare
974 923 1087 982 nisi
1130 923 1363 982 ratione
1406 922 1525 993 sui,
1580 922 1617 981 i.
1664 941 1714 982 e.
1760 923 1901 997 quia
1956 933 2115 980 amat

114 1030 175 1070 se
220 1012 456 1088 ipsum.
533 1013 698 1087 Ergo
739 1012 1080 1071 necessario
1123 1021 1282 1071 amat
1324 1029 1389 1070 se
1429 1012 1621 1086 ipsum
1650 1013 1684 1070 ¹.

239 1121 305 1159 2.
349 1102 524 1158 Deus
565 1102 685 1158 alia
725 1121 764 1159 a
803 1120 861 1160 se
901 1109 1063 1158 amat
1097 1103 1282 1160 libere.
1370 1099 1638 1160 Etenim:

238 1185 308 1266 a)
354 1191 538 1247 Entia
580 1191 694 1248 alia
736 1211 808 1249 ac
841 1192 1006 1249 Deus
1048 1201 1182 1249 sunt
1223 1188 1404 1260 finita,
1448 1201 1511 1247 ut
1552 1198 1784 1247 constat
1825 1205 1898 1247 ex
1940 1191 2113 1249 dictis

115 1277 178 1336 in
219 1278 443 1355 priore
484 1279 654 1338 huius
693 1290 972 1339 tractatus
1014 1279 1167 1338 libro
1193 1281 1215 1313 ²
1257 1290 1315 1338 et
1356 1280 1419 1337 in
1454 1278 1821 1353 cosmologia
1844 1280 1880 1338 ⁸.
1931 1281 2111 1338 Posse

115 1379 326 1426 autem
371 1369 563 1427 libere
605 1373 806 1428 amare
847 1370 1011 1427 bona
1052 1369 1219 1427 finita
1259 1379 1348 1427 est
1388 1367 1695 1444 perfectio,
1755 1369 1919 1443 Ergo
1948 1371 2113 1428 Deus

117 1459 236 1515 alia
284 1477 324 1514 a
366 1475 436 1516 se
476 1469 638 1516 amat
676 1458 881 1517 libere.

242 1541 313 1621 b)
357 1548 488 1606 Res
532 1549 789 1605 actuales
831 1547 982 1606 aliae
1037 1565 1110 1605 ac
1152 1549 1349 1619 Deu5,
1407 1556 1470 1604 ut
1525 1565 1701 1621 supra
1756 1547 2109 1617 monuimuS,

119 1645 261 1692 sunt
305 1636 532 1707 finitae,
576 1637 758 1711 idque
801 1646 860 1694 et
897 1635 1099 1711 quoad
1128 1636 1379 1712 gradum
1409 1635 1793 1711 perfectionis
1822 1646 1881 1694 et
1910 1637 2111 1710 quoad

119 1744 468 1784 numerum.
555 1727 677 1783 Iam
719 1743 864 1784 vero
905 1736 970 1783 ut
1010 1725 1087 1784 de
1131 1727 1291 1784 facto
1345 1725 1477 1784 talis
1532 1725 1955 1784 determinatus
2010 1743 2111 1783 nu-

119 1833 330 1873 merus
374 1814 602 1872 entium
645 1813 960 1872 actualium
1004 1833 1138 1872 cum
1180 1814 1285 1872 tali
1325 1815 1695 1891 perfectione
1750 1813 2113 1889 producatur

121 1903 204 1962 ad
247 1903 658 1962 exsistentiam
676 1950 690 1975 ,
748 1903 1065 1979 requiritur
1117 1906 1271 1962 ratio
1324 1903 1627 1979 sufficiens.
1712 1903 1873 1963 Talis
1914 1914 2109 1963 autem

122 1994 284 2051 ratio
330 1994 395 2050 in
439 1994 569 2068 ipsa
611 1992 868 2051 essentia
909 2012 1106 2052 rerum
1148 2010 1279 2052 esse
1322 2012 1447 2051 non
1476 2002 1690 2069 potest,
1736 1993 2001 2067 alioquin
2030 1994 2112 2051 in-

119 2100 416 2141 numeras
459 2083 601 2141 alias
643 2082 928 2141 essentias
967 2084 1373 2157 perfectioreS,
1419 2101 1573 2157 quae
1618 2099 1825 2140 revera
1866 2101 1989 2140 non
2021 2102 2114 2141 ex-

121 2172 361 2243 sistunt,
408 2171 644 2246 potiore
681 2172 810 2229 iure
837 2172 1205 2242 exsisterent,
1250 2171 1328 2229 ad
1356 2171 1551 2230 minus
1580 2171 1782 2229 omnia
1811 2170 2115 2231 individua

121 2260 403 2320 eiusdem
447 2262 739 2319 essentiae
795 2278 1046 2319 numero
1101 2271 1237 2319 actu
1292 2260 1523 2319 infinito
1580 2260 1924 2319 exsisterent
1984 2264 2113 2337 pari

121 2350 288 2407 iure:
349 2349 519 2424 quod
576 2361 635 2407 et
688 2347 902 2408 rationi
961 2360 1021 2408 et
1077 2350 1482 2425 experientiae
1537 2350 1907 2408 contradicit.
1993 2351 2112 2408 Sed

121 2458 245 2496 nec
289 2436 354 2495 in
399 2438 656 2496 essentia
697 2438 916 2509 divina,
963 2448 1253 2514 quatenus
1293 2439 1633 2497 necessario
1675 2438 1875 2496 talium
1915 2458 2110 2497 rerum

121 2526 535 2585 exsistentiam
579 2528 858 2603 exigeret,
903 2528 1054 2586 haec
1097 2528 1247 2586 ratio
1290 2527 1543 2586 inveniri
1571 2538 1782 2603 potest.
1842 2529 2113 2587 Essentia

123 2616 298 2675 enim
338 2616 559 2687 divina,
605 2634 740 2674 cum
781 2616 855 2673 sit
895 2616 1124 2675 infinite
1165 2618 1450 2693 perfecta,
1495 2616 1542 2675 si
1588 2616 1731 2696 quid
1772 2619 2111 2675 necessario

123 2716 300 2765 extra
342 2724 408 2763 se
449 2706 745 2779 exigeret,
802 2705 958 2765 inter
1000 2707 1203 2764 omnia
1258 2706 1563 2781 possibilia
1616 2706 2110 2781 perfectissimum

123 2794 399 2869 exigeret
427 2795 780 2852 absolutum.
840 2795 1023 2869 Quod
1067 2814 1181 2854 nec
1212 2806 1302 2854 est
1328 2814 1441 2855 nec
1472 2813 1599 2853 esse
1628 2805 1839 2871 potest,
1884 2806 1947 2853 ut
1974 2814 2112 2853 con-

123 2894 244 2942 stat
287 2883 660 2959 experientia
687 2893 746 2941 et
775 2884 1024 2943 ratione.
1086 2886 1375 2943 Creatura
1403 2885 1564 2943 enim
1591 2886 1858 2943 absolute
1886 2886 2113 2960 perfec-

121 2972 356 3031 tissima
384 2982 710 3049 repugnat3
751 2984 952 3031 manet
979 2991 1142 3049 erg0,
1181 2985 1246 3032 ut
1272 2974 1648 3033 admittamus
1678 2976 1891 3044 Deum,
1923 2973 2112 3032 libera

123 3063 454 3133 voluntate,
500 3062 576 3119 ab
621 3072 865 3121 aetevno
908 3063 1245 3123 decrevisse
1287 3064 1442 3140 inter
1482 3083 1577 3123 res
1615 3063 1925 3139 possibiles
1966 3064 2109 3121 alias

124 3151 474 3209 exsistentia
513 3150 744 3209 donare
787 3152 1019 3222 actuali,
1063 3153 1209 3210 alias
1250 3171 1396 3211 vero
1438 3172 1565 3211 non
1606 3153 1853 3211 donare.

263 3327 277 3358 ¹
316 3330 392 3380 Cf.
431 3329 702 3379 Hontheim
739 3330 772 3379 l.
810 3346 856 3379 c.
894 3346 944 3395 p.
985 3330 1104 3393 685.
1255 3327 1277 3359 ²
1315 3331 1391 3378 Cf.
1432 3346 1581 3395 supra
1617 3346 1669 3395 p.
1715 3340 1829 3391 177.

261 3407 281 3437 ⁸
316 3410 430 3458 Vol.
469 3412 510 3469 Ι,
553 3410 671 3471 389.
715 3422 832 3471 394.
873 3410 995 3470 408.
