2367 3850
290 212 387 259 126
712 225 1211 262 ANTHROPOLOGIA.
1275 227 1414 262 PARS
1455 225 1840 262 SYNTHETICA.

282 371 529 443 nienteS,
575 382 637 430 ut
666 373 895 432 cunctis
930 384 1076 432 nota
1117 374 1193 432 sit
1231 374 1372 432 fidei
1414 373 1686 432 sincerae
1728 373 1948 432 veritas
1993 391 2078 430 ac
2121 389 2278 447 prae·
2337 425 2340 428 ,

282 461 553 519 cludatur
604 462 891 522 universis
948 463 1248 522 erroribus
1301 462 1494 522 aditus
1549 480 1627 522 ne
1682 462 2028 520 subintrent
2045 508 2063 533 ‚
2121 459 2276 536 quod

282 551 548 626 quisquis
563 551 853 628 deinceps
867 570 1151 624 asserere,
1170 553 1520 624 defendere,
1538 570 1642 611 seu
1656 563 1864 610 tenere
1885 551 2278 628 pertinaciter

283 641 762 716 praesumpserit,
806 641 971 717 quod
1005 641 1207 700 anima
1247 641 1551 700 rationalis
1593 659 1696 700 seu
1737 641 2120 699 intellectiva
2161 659 2274 697 non
2348 625 2349 646 ¹

282 730 356 787 sit
384 728 595 803 forma
634 733 881 806 corporis
920 731 1161 788 humani
1183 739 1300 806 per
1337 749 1396 788 se
1434 738 1492 787 et
1526 732 1912 798 essentialiter,
1957 739 2272 805 tamquam

283 818 617 877 haereticus
658 821 732 878 sit
773 821 1161 879 censendus»
1639 889 1646 902 θ

405 909 913 984 Subsequentibus
940 927 1085 968 vero
1127 910 1494 985 temporibus
1536 909 1687 968 haec
1730 909 1950 968 eadem
1993 909 2276 968 doctrina

283 997 581 1056 inculcata
621 1008 682 1057 et
724 999 1075 1057 confirmata
1111 1009 1201 1057 est
1229 1018 1266 1056 a
1293 999 1503 1057 Leone
1533 1000 1591 1056 X
1619 999 1681 1056 in
1723 998 2006 1057 Concilio
2039 999 2278 1056 Latera·

285 1086 456 1144 nensi
484 1087 558 1157 V,
602 1097 662 1146 et
703 1088 780 1145 ab
821 1088 953 1164 ipso
996 1087 1103 1146 Pio
1140 1089 1245 1160 IX,
1293 1107 1428 1146 cum
1474 1087 1770 1146 Giintheri
1812 1086 2003 1145 libros
2047 1097 2117 1144 et
2159 1104 2278 1144 sen-

281 1175 529 1234 tentiam
570 1175 647 1234 de
689 1177 1022 1253 pluralitate
1064 1177 1398 1236 animarum
1440 1177 1793 1252 reprobaret
1817 1177 1850 1234 ¹.

403 1327 608 1376 'rhesis
645 1327 913 1391 probatio.
976 1320 1021 1376 I.
1066 1319 1340 1376 Probatio
1381 1319 1608 1378 directa.
1679 1317 1931 1376 Directe
1977 1318 2270 1375 sententia

286 1414 488 1464 nostra
529 1407 924 1466 demonstrari
966 1417 1192 1484 potest:

414 1541 437 1578 1
452 1566 485 1586 .,
508 1523 613 1579 Ex
652 1523 871 1580 unitate
908 1523 1274 1580 substantiali
1301 1524 1527 1580 animae
1553 1529 1610 1580 et
1632 1523 1896 1597 corporis.
1961 1522 2195 1580 Anima
2221 1531 2274 1580 et
2349 1517 2351 1582 ἶ

292 1628 510 1685 corpus
542 1612 624 1669 ita
648 1612 929 1670 uniuntur
956 1611 1020 1669 in
1046 1612 1311 1682 homine,
1348 1621 1413 1669 ut
1439 1611 1502 1669 in
1529 1611 1663 1687 ipso
1691 1628 1817 1668 non
1846 1610 1922 1670 sit
1949 1611 2069 1669 nisi
2101 1611 2274 1668 unica

290 1708 498 1757 natura
540 1703 841 1775 completa
882 1709 943 1759 et
981 1701 1160 1760 unica
1201 1699 1577 1760 subsistentia
1619 1695 1699 1776 (p.
1752 1721 1864 1776 119
1895 1694 2080 1775 sqq.).
2159 1700 2274 1757 Sed

292 1787 340 1845 si
368 1806 585 1864 corpus
612 1789 935 1848 humanum
965 1789 1270 1866 propriam
1311 1790 1494 1848 habet
1535 1790 1788 1848 formam
1826 1789 2278 1847 substantialem

292 1896 325 1935 a
360 1877 732 1937 subsistentia
775 1878 1009 1939 animae
1049 1879 1405 1951 distinctam,
1449 1880 1486 1938 i.
1519 1898 1569 1953 e.
1615 1879 1663 1938 si
1704 1878 1907 1938 anima
1948 1877 2276 1948 rationalis,

291 1976 467 2041 prout
522 1978 609 2026 est
663 1968 857 2027 forma
912 1969 1308 2031 substantialis
1326 2015 1341 2040 ,
1397 1988 1524 2027 non
1579 1980 1668 2027 est
1723 1970 1852 2045 ipsa
1908 1969 2112 2027 forma
2155 1968 2278 2026 sub-

292 2056 575 2115 stantialis
605 2058 893 2133 corporis,
936 2068 1079 2117 tunc
1121 2077 1331 2117 revera
1372 2059 1494 2117 duo
1538 2069 1709 2117 erunt
1750 2058 1810 2116 in
1853 2059 2110 2116 homine
2153 2058 2280 2115 sub-

290 2144 605 2205 sistentiae.
686 2148 808 2206 Sed
850 2147 1003 2206 inter
1044 2148 1183 2218 du0,
1231 2166 1384 2223 quae
1426 2147 1732 2224 propriam
1773 2148 2010 2222 singula
2054 2148 2278 2205 habent
2351 2218 2353 2227 4

290 2234 741 2308 subsistentiam,
782 2237 895 2294 alia
925 2253 1055 2295 esse
1082 2254 1285 2312 neque
1313 2236 1554 2312 concipi
1582 2247 1777 2312 potest
1804 2236 1948 2295 unio
1975 2235 2098 2294 nisi
2125 2236 2276 2293 acci·
2352 2228 2353 2265 ³

290 2323 560 2382 dentalis.
632 2325 795 2400 Ergo
824 2325 1022 2383 anima
1058 2325 1360 2385 rationalis
1388 2343 1500 2402 per
1527 2327 1716 2400 ipsam
1747 2325 2069 2385 essentiam
2107 2344 2272 2384 suam
2351 2386 2353 2391 ,

290 2421 380 2469 est
422 2412 615 2471 forma
656 2414 1051 2473 substantialis
1092 2414 1362 2489 corporis
1381 2415 1420 2473 ².

416 2606 433 2637 ¹
472 2610 549 2658 Cf.
589 2625 741 2673 supra
779 2626 829 2674 p.
876 2623 990 2659 101.

415 2686 437 2718 ²
480 2689 646 2751 «Quoi
684 2706 782 2754 que
820 2689 923 2741 l'on
961 2691 1105 2750 fasse,
1146 2691 1188 2739 si
1227 2691 1274 2739 le
1314 2707 1462 2755 corps
1501 2699 1576 2739 est
1613 2691 1889 2740 subsistant
1927 2707 1992 2739 en
2019 2692 2278 2741 lui-meme

292 2777 341 2816 et
378 2769 418 2816 si
457 2768 621 2831 l’ame,
664 2771 728 2819 de
767 2787 860 2819 son
897 2770 1026 2831 cote',
1066 2780 1144 2819 est
1182 2772 1506 2831 subsistante,
1548 2771 1596 2819 le
1622 2786 1774 2836 corps
1799 2778 1850 2820 et
1875 2770 2028 2821 l’fime
2056 2773 2278 2821 forment

293 2848 715 2905 necessairement
750 2852 881 2901 deux
917 2847 1036 2901 &tres
1071 2852 1377 2900 subsistants.
1454 2851 1555 2912 Or,
1609 2852 1742 2901 deux
1793 2851 1926 2901 &tres
1971 2852 2278 2901 subsistants

291 2940 512 2992 peuvent
550 2930 655 2980 etre
694 2932 825 2979 aussi
862 2932 1172 2996 rapproches
1207 2930 1360 2997 qu'on
1400 2932 1448 2981 le
1467 2932 1676 2992 voudra,
1717 2932 1828 2996 agir
1853 2932 1959 2981 l'un
1985 2949 2074 2981 sur
2098 2932 2278 2981 l'autre

292 3010 422 3058 aussi
459 3011 769 3061 intimement
805 3020 855 3060 et
892 3012 957 3061 de
995 3012 1043 3060 la
1080 3013 1230 3073 facon
1268 3006 1424 3077 qu’on
1462 3012 1510 3061 le
1557 3014 1781 3073 voudra‚
1833 3013 1896 3061 ils
1949 3012 2072 3062 n'en
2124 3024 2278 3063 reste-

292 3099 408 3139 ront
444 3108 535 3156 pas
572 3094 732 3142 moins
758 3094 891 3143 deux
917 3092 1049 3143 &tres
1074 3093 1393 3155 subsistants,
1434 3090 1738 3144 &esna-dire
1772 3110 1871 3142 une
1892 3094 2275 3159 juxtaposition,

293 3187 360 3218 un
398 3173 610 3238 agregat
646 3174 932 3224 accidentel
971 3174 1035 3221 de
1073 3174 1207 3222 deux
1243 3174 1568 3233 substances;
1603 3173 1782 3237 jamais
1811 3190 1880 3223 on
1901 3174 2018 3223 n’en
2044 3177 2152 3225 fera
2179 3191 2277 3224 une

294 3252 431 3300 unite
469 3253 653 3313 reelle3
708 3255 817 3302 leur
852 3257 1008 3303 union
1048 3270 1161 3302 sera
1199 3262 1250 3301 et
1286 3263 1475 3302 restera
1509 3250 1844 3319 extr-inseque,
1897 3265 1948 3304 et
1999 3255 2106 3305 l'on
2155 3266 2278 3321 peut

295 3330 481 3389 defiet,
534 3334 619 3395 qui
670 3348 769 3395 que
807 3348 866 3381 ce
904 3333 1025 3392 soit,
1074 3334 1139 3381 de
1176 3334 1226 3379 la
1264 3334 1535 3383 concevoir
1571 3344 1869 3383 autrement.
1945 3336 2101 3385 Donc
2137 3344 2278 3385 toute

302 3409 492 3457 “heorie
530 3413 614 3472 qui
654 3426 717 3456 ne
755 3412 1014 3460 considere
1053 3428 1144 3473 pas
1183 3412 1232 3459 le
1270 3428 1418 3476 corps
1446 3430 1639 3462 comme
1666 3430 1765 3462 une
1792 3416 2002 3465 matiere
2029 3418 2278 3481 premiere
