2367 3850
599 159 676 194 DE
717 159 962 206 HOMINE‚
1005 160 1080 196 UT
1119 160 1220 196 EST
1259 159 1473 198 CORPUS
1512 159 1740 198 VIVENS.
2084 161 2150 212 23

158 325 322 382 pora
361 306 576 364 omnia
603 305 864 366 viventia
890 306 1104 366 scimus
1132 307 1455 383 propagari
1484 308 1763 384 propriae
1791 307 2151 368 substantiae

159 395 460 455 scissione
505 395 602 454 vel
643 395 949 454 divisione.
1029 397 1181 454 Item
1225 395 1591 472 experientia
1636 396 1853 456 scimus
1894 416 2153 473 corpora

162 482 383 542 omnia
407 483 668 542 viventia
703 484 1021 560 corrumpi,
1053 485 1203 544 sicut
1230 502 1487 562 corpora
1517 485 1899 560 anorganica.
1942 487 2154 546 Planta

163 591 219 631 e.
269 591 328 648 g.
359 573 714 631 'dissolvitur
753 572 902 630 sicut
942 592 1114 648 aqua.

295 662 404 720 Ad
441 662 705 719 animam
758 679 903 720 vero
959 680 1168 720 eorum
1225 662 1390 737 quod
1444 661 1685 733 attinet,
1741 681 1879 721 cum
1918 663 1993 722 sit
2032 682 2151 722 tna·

141 749 400 808 ·terialis
415 795 430 821 ‚
483 751 703 808 nullam
743 751 1006 808 habemus
1044 752 1323 808 rationem
1374 751 1744 826 sufficientem
1798 749 2149 811 admittendi

161 837 370 914 ipsam
399 837 788 897 mutationum
817 838 1207 898 materialium
1237 857 1367 898 esse
1396 849 1718 914 expertem.
1762 841 1868 899 Est
1895 840 2150 917 proinde

163 925 598 1003 corruptibilis,
640 927 788 986 sicut
829 929 1022 986 forma
1060 947 1254 1003 aquae
1294 946 1349 986 e.
1380 947 1437 1004 g.
1468 938 1555 988 est
1587 928 2018 1005 corruptibilisz,
2060 939 2149 989 est

161 1035 296 1075 una
325 1027 386 1074 et
411 1015 664 1074 indivisa
693 1027 845 1089 actu,
885 1016 991 1076 sed
1019 1018 1324 1093 multiplex
1350 1016 1651 1093 potentiat,
1694 1027 1753 1076 et
1780 1017 1928 1077 sicut
1956 1019 2149 1077 forma

161 1123 370 1181 aquae
413 1103 600 1163 dividi
642 1116 838 1181 potest
876 1105 940 1164 in
982 1107 1206 1164 formas
1233 1105 1591 1182 hydrogenii
1631 1116 1693 1166 et
1728 1105 2023 1182 oxygenii,
2068 1105 2149 1164 ita

164 1195 372 1252 forma
425 1195 666 1269 plantae
708 1193 893 1253 dividi
948 1203 1144 1271 potest
1198 1195 1261 1252 in
1313 1197 1535 1254 formas
1580 1211 1819 1267 omneS,
1877 1213 2031 1271 quae
2086 1195 2149 1254 in

162 1283 304 1359 ipsa
345 1282 728 1342 inveniuntur
767 1301 893 1341 non
935 1294 1086 1356 acm,
1131 1284 1239 1344 sed
1281 1283 1549 1360 potentia
1568 1285 1605 1342 ¹.

995 1478 1202 1521 CAPUT
1245 1479 1326 1520 111.

190 1595 442 1667 QUAE
491 1595 608 1651 DE
652 1593 1007 1665 HOMINE‚
1055 1595 1168 1652 UT
1212 1594 1363 1652 EST
1405 1594 1728 1653 CORPUS
1770 1593 2089 1666 VIVENS,

303 1682 772 1756 HUCUSQUE
816 1682 1273 1741 COMPERTA
1318 1681 1551 1753 SUNT,
1594 1683 2012 1741 BREVITER

831 1771 1483 1830 DECLARANTUR.

290 1897 339 1954 Ι.
385 1895 458 1953 In
486 1894 760 1966 homine,
805 1892 954 1953 sicut
995 1893 1057 1952 in
1084 1893 1511 1970 vegetantibus,
1555 1904 1673 1955 tres
1706 1893 1986 1971 distingui
2015 1914 2146 1971 pos-

154 1994 302 2044 sunt
331 1982 664 2059 generatim
690 1983 994 2059 potentiae
1021 1984 1118 2043 vel
1147 1983 1472 2052 facultates-3,
1503 1984 1811 2043 nimirum:
1850 1984 2143 2055 nutritiva,

154 2072 627 2149 augmentativa,
671 2072 1031 2148 generativa.
1091 2072 1361 2147 Quarum
1388 2073 1728 2132 facultatum
1768 2072 2146 2150 operationes

155 2181 348 2239 supra
391 2156 470 2238 (p.
523 2156 616 2237 17)
660 2160 1048 2221 definivimus
1558 2236 1569 2244 ·

288 2254 366 2309 ΙΙ.
405 2250 771 2327 Principium
797 2253 1009 2310 harum
1037 2250 1451 2326 operationum
1482 2252 1843 2326 completum
1872 2261 1958 2311 est
1986 2271 2144 2311 com·

158 2341 446 2417 positum,
490 2340 528 2398 i.
561 2358 612 2399 e.
654 2350 864 2398 natura
890 2358 1010 2398 una
1051 2339 1381 2415 composita
1424 2358 1497 2399 ex
1538 2340 1784 2399 materia
1826 2350 1885 2399 et
1924 2340 2141 2400 anima.

159 2428 354 2503 Quod
375 2438 607 2487 constat
629 2448 702 2487 ex
721 2428 808 2501 iis,
830 2446 984 2504 quae
1005 2448 1183 2505 supra
1198 2424 1277 2504 (p.
1302 2450 1331 2486 2
1345 2422 1396 2503 1)
1418 2430 1494 2488 de
1514 2440 1723 2488 natura
1737 2429 2141 2506 velprincipio

157 2516 376 2576 ultimo
419 2517 836 2593 operationum
875 2508 1278 2592 'vegetantium
1321 2517 1651 2592 generatim
1694 2518 2140 2577 declaravimus,

287 2608 394 2665 ΙΠ.
441 2604 726 2664 Animam
751 2625 897 2665 vero
940 2606 1132 2681 ipsam
1161 2606 1325 2681 quod
1354 2607 1577 2678 attinet,
1622 2607 1685 2665 id
1714 2616 1941 2666 tantum
1968 2606 2143 2667 nobis

160 2705 331 2755 recte
388 2695 750 2754 concludere
805 2694 1037 2767 licebit,
1094 2704 1158 2753 ut
1200 2694 1465 2755 dicamus
1520 2696 1781 2754 animam
1821 2697 2141 2754 humanam

160 2785 392 2843 habere
423 2802 634 2843 omnes
661 2783 1062 2859 perfectiones
1088 2784 1509 2859 vegetantium.
1559 2788 1758 2860 Ipsam
1787 2794 1985 2843 autem
2014 2804 2142 2844 esse

165 2872 505 2948 simplicem
545 2873 641 2931 vel
683 2872 1046 2948 spiritualem
1085 2873 1391 2948 hucusque
1434 2875 1596 2931 nullo
1650 2874 1835 2932 modo
1891 2884 2139 2932 constat.

164 2961 430 3019 Proinde
473 2959 521 3019 si
554 2979 679 3019 non
709 2960 854 3019 alias
880 2960 944 3019 in
974 2960 1104 3037 ipsa
1132 2972 1311 3037 atque
1340 2962 1701 3037 vegetativas
1730 2962 2142 3038 detegeremus

163 3050 494 3121 facultateS,
539 3048 801 3109 dicenda
837 3060 991 3109 esset
1019 3049 1218 3108 anima
1244 3051 1505 3109 humana
1534 3050 1947 3127 corruptibilis,
1992 3052 2143 3110 sicut

167 3139 583 3215 corruptibiles
625 3157 754 3198 esse
797 3138 1048 3198 diximus
1091 3139 1317 3198 animas
1358 3142 1712 3215 plantarum.

293 3330 311 3363 ¹
349 3332 429 3383 Cf.
469 3333 683 3383 Mercier
715 3334 746 3383 l.
789 3350 831 3383 c.
870 3350 920 3397 p.
963 3333 1046 3396 65.
1110 3334 1238 3382 Item
1276 3333 1493 3381 Lehmen
1531 3333 1563 3380 1.
1604 3348 1647 3379 c.
1686 3332 1726 3390 Ι,
1772 3345 1885 3393 192.
