2367 3850
511 189 591 226 DE
630 189 1058 226 FACULTATIBUS
1101 189 1417 227 SENSrnvis
1458 185 1723 228 HOMINIS.
2043 188 2099 241 51

119 335 222 408 qui
258 342 486 393 sextum
521 337 829 411 quendam
857 356 1096 396 sensum
1131 338 1569 398 admittendum
1597 355 1727 397 esse
1754 339 2109 414 putaverint,

113 424 194 482 ad
235 425 613 484 sensationes
670 426 962 501 quasdam
1017 429 1383 500 anormale5‚
1441 439 1585 504 puta
1640 427 2007 486 sensationes
2048 427 2111 484 in

115 523 270 571 statu
331 514 702 590 hypnotismi
761 516 994 574 habitas
1015 561 1028 586 ,
1091 516 1497 591 explicandas.
1602 517 1908 576 Sententia
1966 535 2111 575 vero

121 620 334 660 eorum
397 605 564 662 nullo
626 605 828 663 nititur
888 605 1300 665 fundamento.
1404 606 1578 679 Quae
1635 607 1797 665 enim
1852 607 1914 664 in
1960 616 2111 665 statu

119 692 494 766 hypnotismi
537 712 587 752 e.
633 713 690 768 g.
735 693 1035 766 accidunt,
1081 695 1142 752 in
1189 707 1475 770 quantum
1516 695 1737 755 viribus
1780 697 2115 754 efficiuntur

117 781 510 854 naturalibuS,
555 794 782 842 sextum
825 801 1066 842 sensum
1093 802 1220 842 non
1262 795 1770 861 praesupponunt.
1831 787 1925 844 De
1955 784 2113 843 facili

120 871 286 928 enim
327 871 486 930 haec
536 873 740 930 omnia
783 889 1062 931 sensuum
1104 882 1487 933 externorum
1504 919 1518 945 ,
1576 873 1927 950 praesertim
1968 891 2112 932 vero

119 961 516 1032 internorum,
561 961 1009 1037 perturbatione
1053 962 1337 1038 explicari
1378 973 1642 1038 possunt.

250 1071 304 1107 2.
350 1049 560 1110 Sensus
599 1053 830 1120 interni,
876 1051 980 1126 qui
1021 1062 1184 1109 sunt:
1246 1052 1571 1124 facultate5‚
1616 1071 1867 1127 quarum
1908 1071 2115 1126 opera·

123 1139 322 1198 tiones
385 1140 614 1198 directe
675 1151 986 1198 versantur
1043 1141 1207 1199 circa
1266 1141 1635 1200 sensationes
1694 1143 1963 1200 sensibus
2022 1159 2117 1200 ex·

123 1228 310 1286 ternis
355 1228 471 1286 iam
527 1237 818 1304 receptas,
877 1241 940 1288 ut
995 1231 1154 1306 ipsas
1195 1231 1293 1289 vel
1348 1231 1429 1288 ad
1470 1230 1755 1290 unitatem
1812 1231 2114 1305 quandam

125 1317 409 1392 redigant
449 1320 546 1376 vel
590 1329 947 1378 conservent
999 1329 1059 1378 et
1100 1320 1523 1395 reproducant,
1581 1321 1675 1378 vel
1732 1319 1909 1378 etiam
1952 1331 2014 1377 ut
2054 1319 2116 1376 in

35 1427 37 1430 ⁴
127 1405 272 1481 ipsis
327 1425 518 1466 novas
559 1408 879 1467 relationes
923 1410 1401 1484 apprehendant,
1461 1427 1609 1484 quas
1664 1409 1759 1467 vel
1800 1409 1966 1485 ipsae
2022 1410 2113 1467 vel

130 1514 224 1554 res
279 1507 608 1572 perceptae
664 1497 890 1557 habent
949 1499 1070 1557 sive
1128 1499 1284 1557 inter
1343 1517 1407 1558 se
1468 1499 1591 1557 sive
1653 1517 1786 1556 cum
1849 1497 2116 1556 subiecto

131 1597 557 1660 cognoscente.
645 1589 792 1646 Sunt
833 1599 1058 1646 autem:

251 1669 308 1750 a)
353 1674 564 1735 Sensus
605 1679 924 1747 communis,
984 1695 1120 1735 cum
1162 1677 1388 1753 duplici
1430 1677 1557 1736 eius
1597 1695 1861 1748 munere,
1912 1694 2115 1734 sensus

135 1764 362 1825 scilicet
414 1765 609 1823 intimi
663 1776 722 1824 et
774 1784 979 1826 sensus
1023 1767 1356 1824 communis
1398 1765 1641 1843 proprie
1683 1766 1827 1824 dicti
1870 1761 1949 1841 (p.
1998 1785 2027 1822 2
2038 1761 2112 1840 5).

253 1849 316 1929 b)
360 1855 716 1924 Plzautasia‚
767 1855 892 1915 sive
934 1855 1356 1933 reproductiva
1397 1855 1521 1915 sive
1568 1855 1827 1914 creativa
1872 1851 1952 1931 (p.
2000 1849 2114 1930 26).

256 1940 312 2019 c)
353 1944 648 2003 Memoria
689 1946 969 2005 sensitiva
1012 1941 1222 2023 (ibid.).

258 2029 319 2108 d)
371 2034 715 2108 Cogitatzva,
749 2053 904 2110 quae
934 2034 994 2093 in
1026 2035 1380 2094 animalibus
1408 2036 1593 2094 brutis
1622 2034 1838 2093 dicitur
1864 2034 2117 2091 aestima·

143 2125 258 2181 tiva
299 2117 510 2199 (ibid.).

257 2214 331 2270 II.
375 2214 654 2270 Facultas
693 2216 964 2272 sensitiva
1004 2216 1315 2290 appetitiva
1356 2216 1452 2273 vel
1494 2223 1801 2285 appetitus,
1855 2211 1957 2287 qui
1999 2221 2115 2269 est:

133 2300 415 2373 facultas,
473 2322 590 2377 qua
629 2305 824 2361 vivens
865 2305 1203 2376 cognitivum
1255 2303 1567 2361 inclinatur
1619 2303 1704 2359 ad
1749 2303 1949 2359 bonum
2004 2318 2119 2357 sen·

143 2392 286 2447 sibus
324 2392 737 2467 apprehensum
777 2393 874 2450 vel
908 2393 993 2450 ad
1025 2392 1427 2467 refugiendum
1469 2393 1680 2451 malum
1724 2387 1801 2467 (p.
1838 2393 1911 2447 28
1941 2384 2115 2464 sqq.).

258 2482 361 2539 III.
405 2481 685 2538 Facultas
725 2484 957 2551 matrix,
1001 2502 1118 2557 qua
1152 2484 1348 2541 vivens
1374 2484 1697 2539 sensitivum
1725 2483 1810 2537 ita
1837 2498 1894 2537 se
1920 2484 2117 2546 movet,

145 2576 208 2625 ut
228 2570 649 2645 progrediatur
687 2572 756 2629 de
795 2573 909 2630 loco
951 2574 1012 2629 in
1053 2573 1230 2629 locum
1272 2566 1352 2647 (p.
1400 2566 1515 2645 30).

250 2735 284 2802 ἓ
323 2752 368 2789 2.
435 2742 737 2804 Quomodo
773 2742 1029 2791 diversae
1069 2742 1365 2791 facultates
1404 2742 1461 2788 in
1499 2740 1732 2789 homine
1771 2740 1913 2787 inter
1951 2752 2013 2787 se

605 2822 1038 2884 distinguantur,
1077 2822 1309 2871 uberius
1348 2821 1668 2883 explicatur.

262 2936 306 2992 I.
361 2936 730 2994 Facultatem
773 2936 1116 2995 sensitivam
1158 2934 1523 3011 cognitivam
1569 2936 1645 2991 ab
1688 2932 1953 3009 appetitu
1994 2948 2120 2989 sen-

155 3020 312 3081 sitivo
355 3034 413 3082 et
441 3044 476 3082 a
506 3027 775 3100 potentia
817 3026 1067 3084 motrice
1109 3026 1347 3083 realiter
1387 3024 1665 3097 distingui
1693 3043 1728 3080 a
1756 3019 2119 3079 scholasticis

161 3114 539 3173 communiter
586 3116 942 3187 admittitur,
1001 3134 1136 3173 cum
1196 3114 1274 3171 ad
1329 3114 1568 3171 obiecta
1624 3113 1953 3171 referantur
2007 3109 2120 3165 for-

164 3200 376 3260 maliter
416 3204 651 3263 diversa
675 3206 707 3264 ¹.

282 3378 296 3407 ¹
331 3380 400 3431 Cf.
441 3384 663 3433 Boedder
698 3385 730 3431 l.
771 3400 815 3433 c.
856 3401 908 3448 p.
950 3394 1050 3444 237
1093 3398 1168 3444 sq.
