2367 3850
229 171 333 221 3⁴4
832 171 1064 210 mmm.
1122 169 1266 210 uns
1301 173 1607 212 saeuus,

348 313 411 394 b)
454 318 765 378 Subiectum
792 339 926 379 vero
952 322 1333 396 originarium
1369 341 1482 380 non
1517 327 1828 382 necessario
1858 333 2058 400 semper
2079 326 2206 382 erit

222 415 345 468 tota
384 411 762 468 communitas.
846 412 1023 470 Haec
1052 409 1228 478 enim
1269 411 1530 470 theoria.

348 493 406 573 α)
448 499 625 558 Falso
664 499 867 558 nititur
908 499 1316 572 fundamento,
1360 500 1591 560 ratione
1630 500 1858 561 scilicet
1897 502 1991 562 illa
2029 520 2200 577 prae-

227 588 403 665 cipua
442 607 480 646 a
523 589 796 648 Suaresio
837 606 911 648 ex
960 590 1229 665 «aequali
1267 583 1534 649 omnium
1569 591 1878 650 hominum
1917 592 2202 668 indepen-

226 678 463 737 dentia»
512 679 825 754 desumpta
844 676 881 737 ¹.
958 678 1079 738 Sed
1119 679 1414 738 rationem
1450 680 1613 738 illam
1651 680 2018 740 inefficacem
2043 699 2196 753 esse,

225 769 425 844 priore
467 769 637 827 huius
679 767 1212 844 argumentationis
1254 779 1422 844 parte
1465 768 1583 827 iam
1625 770 2006 830 ostendimus.

347 850 400 932 β)
444 856 713 916 Historia
752 858 916 916 nullo
958 856 1143 917 modo
1195 860 1650 918 commendatur
1666 905 1682 931 ,
1741 859 1927 919 immo
1967 859 2202 919 veritati

224 945 541 1006 historicae
583 947 884 1005 adversari
923 946 1173 1006 videtur.

347 1029 445 1111 αα)
493 1036 833 1110 «Quantum
872 1036 1032 1094 enim
1072 1037 1332 1109 historia,
1377 1037 1727 1114 praesertim
1757 1056 1944 1111 sacra,
1973 1040 2204 1097 consuli

222 1134 436 1201 potest,
480 1127 663 1184 multa
703 1144 889 1201 regna
930 1125 1013 1183 ita
1054 1144 1127 1185 ex
1169 1125 1408 1184 familiis
1449 1125 1942 1202 patriarchalibus
1983 1127 2202 1187 sensim

225 1225 356 1274 orta
384 1225 534 1286 sunt,
579 1225 641 1272 ut
677 1233 800 1273 non
830 1214 942 1274 nisi
970 1215 1302 1292 incongrue
1345 1215 1424 1274 ad
1452 1226 1693 1291 pactum
1721 1219 1816 1275 vel
1846 1218 2203 1276 electionem

224 1323 336 1380 pro
386 1303 744 1380 explicanda
793 1305 1091 1364 societatis
1142 1305 1376 1381 origine
1428 1314 1487 1364 et
1537 1306 1953 1381 designatione
2006 1306 2212 1383 primi-

224 1392 386 1470 genii
426 1394 678 1454 subiecti
717 1394 1025 1469 potestatis
1068 1393 1256 1454 civilis
1311 1386 1534 1454 recurri
1577 1395 1778 1470 possit.
1853 1395 2002 1470 Quis
2023 1396 2207 1454 enim

224 1483 438 1542 dixerit
465 1484 872 1543 Abrahamum
900 1483 995 1542 vel
1038 1483 1186 1542 alios
1229 1484 1448 1542 similes
1475 1483 1861 1560 patriarchaS,
1905 1485 2008 1560 qui
2042 1487 2209 1544 bella

224 1574 538 1647 gerebant,
596 1574 845 1632 foedera
897 1572 1130 1632 inibant
1184 1591 1322 1632 cum
1377 1573 1505 1632 aliis
1558 1567 1797 1649 populis
1853 1584 1914 1633 et
1953 1575 2207 1652 ⁹regibus

224 1679 389 1720 suam
416 1671 772 1739 potestatem
799 1680 910 1739 per
936 1661 1296 1722 electionem
1324 1665 1533 1722 saltem
1562 1663 1804 1722 tacitam
1833 1663 2206 1723 subditorum

225 1769 462 1810 suorum
504 1751 851 1811 habuisse?»
880 1752 902 1786 ¹
1685 1793 1694 1798 -
1907 1775 1912 1778 ·
2127 1743 2132 1748 ⁵

348 1835 436 1916 ββ)
486 1843 590 1898 «In
633 1840 907 1900 doctrina
944 1840 1420 1900 adversariorum
1445 1841 1682 1915 dzjffl’eile
1708 1841 2051 1918 explicatur,
2096 1861 2204 1901 cur

224 1949 463 2005 semper
502 1940 561 1989 et
601 1932 841 2006 ubique,
885 1930 948 1988 in
991 1942 1279 2006 quantum
1323 1950 1395 1990 ex
1448 1930 1694 1990 historia
1735 1932 1999 1991 iudicare
2041 1932 2201 2004 licet,

222 2019 490 2094 primitus
543 2020 921 2079 inveniantur
974 2020 1378 2091 monarchiae,
1430 2039 1723 2096 nusquam
1777 2020 2204 2086 democratiae‚

224 2127 359 2167 cum
412 2119 615 2168 tamen
670 2108 811 2185 ipsis
867 2108 1183 2168 fatentibus
1233 2109 1549 2182 veteribus,
1607 2110 1936 2168 secundum
1992 2128 2202 2169 eorum

223 2198 576 2270 doctrinam,
608 2198 975 2257 democratia
1002 2198 1076 2257 sit
1111 2197 1508 2257 immediatius
1541 2198 1824 2257 naturalis
1852 2217 2033 2274 quam
2072 2200 2209 2259 reli·

225 2306 379 2363 quae
422 2287 649 2346 formae
693 2287 1051 2362 regiminis»
1073 2288 1095 2321 ⁸
1911 2316 1918 2319 ·

344 2377 517 2450 Quae
560 2396 696 2435 cum
738 2377 817 2434 ita
860 2378 990 2448 sint,
1034 2376 1234 2435 verior
1273 2375 1450 2435 nobis
1490 2376 1723 2435 videtur
1775 2377 1927 2436 haec
1979 2396 2016 2435 a
2057 2396 2207 2437 non-

222 2465 421 2537 nulliS,
501 2465 929 2537 recentioribus
998 2464 1372 2541 praesertim,
1453 2465 1823 2525 scholasticis
1890 2468 2208 2543 proposita

223 2555 540 2614 sententia:

450 2711 485 2779 ξ
524 2728 572 2778 3.
637 2716 930 2765 Sententia
966 2730 1232 2765 asserens
1270 2716 1362 2765 ius
1397 2715 1965 2778 historico-naturale.

348 2832 803 2890 «Determinatio
856 2834 1179 2907 ortgz'naria
1231 2834 1459 2891 subtecti
1497 2836 1797 2910 potestates
1843 2836 2024 2893 civilzk
2065 2838 2212 2910 fieri

212 2929 399 2997 potest
422 2924 603 2981 variis
630 2924 827 2991 causele,
869 2941 1017 2997 quae
1053 2924 1228 2981 alicui
1256 2931 1534 2999 personae
1572 2925 1636 2982 in
1677 2926 1940 2983 concretis
1975 2926 2205 2983 cirrum-

221 3012 447 3069 stantzzk
486 3018 709 3069 tantam
748 3014 1018 3071 moralem
1060 3012 1646 3088 praeponderantiam
1702 3021 1761 3071 et
1807 3016 2206 3073 auctoritatem

223 3100 543 3174 conferant,
598 3108 666 3157 ut
711 3102 834 3176 {fisa
873 3102 995 3159 sola
1035 3102 1121 3159 ad
1158 3102 1463 3174 regendam
1503 3102 1812 3160 societatem
1853 3104 2060 3161 idonea
2099 3107 2206 3176 sit,-

349 3274 366 3303 ¹
404 3276 525 3323 Eius
561 3278 718 3325 verba
755 3292 906 3340 supra
945 3276 1021 3341 (p.
1064 3275 1192 3341 342)
1235 3278 1493 3344 exscripta
1529 3280 1705 3330 habes.

346 3350 367 3379 ²
408 3354 653 3412 Cathrein,
691 3354 817 3403 Phil.
858 3371 984 3406 mor.
1022 3373 1071 3419 p.
1114 3368 1232 3420 354.
1383 3358 1404 3389 ⁸
1440 3359 1570 3409 Ibid.
