2367 3850
1503 11 1508 20 ·
1556 13 1573 16 ··
1592 11 1677 48 ‘'ff‘'
1694 11 2350 111 ‘'fi-'ww

295 249 324 300 3
331 237 399 300 36
892 249 1123 288 E'rch.
1182 249 1323 287 PARS
1363 249 1667 288 spacmus.

294 395 744 472 coniungentes⁸
788 397 958 456 Idem
989 399 1360 457 demonstrat
1382 398 1650 473 facultas
1676 399 1954 473 loquendi,
1984 415 2120 472 quae
2143 417 2240 454 na-

291 487 540 544 turalem
568 486 825 545 hominis
852 487 931 545 ad
958 487 1304 546 societatem
1334 487 1796 546 destinationem
1836 487 2194 546 manifestat.›
2221 487 2240 518 ¹

412 569 475 649 b)
518 575 871 650 Indigentias
898 587 1096 636 autem
1124 577 1290 652 quod
1318 577 1541 648 attinet,
1584 577 1737 636 haec
1764 579 2067 635 multarum
2091 575 2242 634 fami·

293 663 501 722 liarum
544 666 931 740 congregatio
972 667 1312 725 necessario
1354 666 1697 742 requiritur:

415 748 473 828 α)
516 753 601 811 ad
620 756 881 831 pericula
921 755 1275 824 removenda,
1322 773 1475 830 quae
1519 755 1641 813 sive
1687 773 1762 814 ex
1804 764 1968 830 parte
2008 756 2246 812 elemen-

292 852 505 916 torum,
550 843 673 902 sive
716 863 789 902 ex
829 854 1000 920 parte
1041 845 1378 916 bestiarum,
1421 843 1547 903 sive
1587 863 1663 904 ex
1702 844 1925 902 malitia
1958 843 2246 902 hominum

292 931 623 1005 imminent,
680 944 739 992 et
780 944 989 992 contra
1032 953 1185 1009 quae
1229 933 1597 1010 particularis
1638 933 1836 1008 aliqua
1879 933 2086 991 familia
2122 951 2247 991 sese

292 1023 420 1080 sola
461 1022 792 1081 defendere
835 1043 958 1082 non
1002 1033 1226 1098 potest3

416 1106 469 1186 β)
532 1111 616 1168 ad
664 1114 834 1170 varia
889 1113 1136 1171 subsidia
1195 1112 1317 1171 sive
1372 1112 1713 1188 corporalia
1770 1111 1892 1170 sive
1947 1111 2253 1188 spiritualia

294 1201 541 1258 omnino
572 1201 911 1260 necessaria
954 1201 1066 1260 sibi
1106 1202 1488 1277 procuranda
1528 1197 1722 1276 (arteS,
1763 1201 2055 1270 scientiae,
2089 1194 2250 1274 ete.)3

411 1286 465 1363 γ)
507 1290 592 1346 ad
623 1290 863 1347 debitam
888 1290 1298 1366 perfectionem
1338 1301 1584 1350 naturae
1626 1292 1924 1349 humanae
1960 1288 2252 1364 acquiren-

293 1380 432 1437 dam
476 1387 534 1437 et
574 1379 1051 1438 conservandam
1070 1381 1107 1438 ².

418 1487 468 1525 2.
513 1467 850 1526 Necessario
890 1470 951 1526 in
992 1469 1103 1526 hac
1133 1469 1488 1526 multitudine
1522 1471 1711 1528 oritur
1735 1469 2014 1528 vinculum
2039 1475 2256 1526 mutuae

292 1557 646 1631 obligationis
684 1558 786 1615 sub
825 1565 1089 1633 suprema
1129 1559 1377 1632 quadam
1418 1561 1769 1616 auctoritate.

414 1640 471 1720 a)
514 1646 761 1721 Propter
785 1646 1165 1705 diversitatem
1194 1648 1526 1705 iudiciorum
1554 1647 1632 1706 de
1662 1665 1756 1720 eo,
1791 1648 1955 1722 quod
1983 1647 2055 1705 ad
2081 1647 2255 1704 finem

293 1734 684 1794 obtinendum
714 1735 1115 1794 necessarium
1142 1735 1230 1795 sit.
1289 1735 1415 1794 Nisi
1445 1736 1606 1794 enim
1633 1735 1695 1794 in
1724 1745 1890 1794 tanta
1917 1735 2254 1812 opinionum

292 1823 629 1882 diversitate
660 1835 815 1883 esset
842 1824 1072 1900 aliquis,
1103 1825 1205 1900 qui
1235 1825 1508 1884 omnibus
1537 1843 1719 1884 unam
1745 1844 2022 1884 normam
2047 1823 2252 1900 agendi

293 1912 657 1988 obligantem
700 1913 1107 1989 praescribere
1149 1924 1381 1991 posset,
1425 1913 1733 1974 tendentia
1775 1915 1835 1973 in
1889 1915 2067 1973 finem
2107 1932 2255 1972 com·
2348 1954 2349 1959 κ

291 2021 534 2061 munem
574 2002 957 2079 impossibilis
999 2005 1298 2063 evaderet.

408 2086 472 2167 b)
502 2092 750 2167 Propter
766 2092 1015 2167 defectus
1030 2097 1258 2151 animae
1275 2095 1370 2151 vel
1377 2095 1542 2152 vitae.
1594 2096 1699 2151 «In
1718 2111 1941 2168 magna
1957 2092 2256 2151 hominum

289 2180 661 2239 multitudine
691 2200 929 2257 semper
956 2192 1092 2241 sunt
1116 2182 1302 2254 multi,
1347 2181 1449 2258 qui
1490 2200 1580 2254 ea,
1627 2200 1780 2259 quae
1823 2182 1905 2240 ad
1946 2198 2252 2241 commune

288 2270 513 2327 bonum
543 2270 879 2329 necessaria
907 2281 1366 2346 cognoscuntur,
1395 2272 1735 2347 neglegunt,
1768 2271 1870 2347 qui
1900 2273 2125 2329 bonum
2153 2270 2256 2346 pri-

286 2370 485 2417 vatum
514 2360 679 2417 bono
709 2360 1014 2419 communi
1043 2362 1402 2435 praeferunt,
1442 2361 1626 2419 immo
1661 2360 1762 2435 qui
1791 2361 1940 2419 alios
1970 2360 2166 2436 quiete
2201 2369 2255 2417 et

287 2466 494 2507 secure
512 2450 712 2507 vivere
734 2459 793 2508 et
812 2450 928 2508 suis
947 2450 1169 2509 iuribus
1189 2451 1302 2508 frui
1327 2468 1455 2508 non
1483 2450 1697 2521 sinunt,
1727 2450 1839 2508 nisi
1867 2468 1978 2525 per
2007 2449 2254 2523 aliquam

287 2537 696 2597 auctoritatem
716 2538 926 2614 poenis
947 2549 1340 2597 coerceantur
1358 2539 1496 2598 etin
1525 2539 1726 2597 officio
1755 2539 2218 2597 contineantur.»
2237 2537 2256 2569 ⁸

414 2714 431 2745 ¹
472 2716 723 2778 Cathrein,
761 2717 890 2767 Phil.
931 2733 1054 2767 mor.
1096 2734 1146 2782 p.
1189 2730 1309 2781 339.

408 2792 431 2825 ²
473 2796 603 2845 «Nie
641 2798 812 2847 wurde
851 2798 941 2845 das
966 2798 1547 2862 Menschengeschlecht
1583 2798 1710 2846 iiber
1745 2797 1828 2845 die
1865 2796 2254 2861 aller-niedrigste

287 2876 667 2941 Bildungsstufe
704 2877 1138 2939 hinauskommen,
1178 2894 1328 2927 wenn
1365 2894 1420 2927 es
1458 2879 1508 2927 in
1547 2877 1986 2927 alleinstehenden
2024 2877 2254 2925 Familien

285 2958 392 3006 sich
444 2956 689 3006 ausleben
740 2958 937 3007 musste.
1006 2958 1159 3021 Jeder
1209 2958 1509 3007 Fortschritt
1561 2958 1614 3005 in
1665 2958 1835 3007 Kunst
1883 2958 1991 3005 und
2043 2958 2252 3006 Wissen-

286 3038 450 3085 schaft
485 3039 574 3085 auf
605 3038 951 3103 praktischem
988 3039 1092 3086 und
1133 3038 1520 3090 theoretischem
1560 3038 1778 3087 Gebiete
1817 3038 1881 3086 ist
1923 3038 2039 3086 eine
2076 3036 2252 3085 Frucht

287 3117 377 3165 des
415 3118 937 3167 Zusammenwirkens
986 3118 1167 3179 vieler,
1221 3118 1317 3167 wie
1368 3134 1423 3167 es
1475 3135 1570 3167 nur
1621 3118 1674 3168 in
1723 3118 1983 3183 grosseren
2030 3117 2252 3167 Gemein-

286 3213 454 3245 wesen
492 3199 717 3262 moglich
758 3198 835 3247 ist.
888 3198 1019 3246 Eine
1055 3198 1244 3263 vollige
1271 3199 1564 3263 Aufliisung
1599 3199 1724 3248 aller
1754 3197 2059 3263 politischen
2087 3197 2250 3247 Bande

286 3278 457 3323 wurde
495 3278 583 3324 das
622 3278 1209 3341 Menschengeschlecht
1245 3280 1297 3326 in
1336 3278 1420 3328 die
1459 3278 1735 3344 niedrigste
1773 3279 1880 3327 und
1915 3279 2124 3327 roheste
2149 3278 2250 3326 Bar-

287 3352 427 3399 barei
464 3354 983 3404 zuruckschleudern»
1028 3354 1310 3419 (Cathrein,
1349 3356 1638 3423 Moralphil.
1679 3360 1744 3419 11,
1785 3368 1850 3421 45
1859 3354 1938 3421 3).

408 3426 430 3457 ⁸
469 3430 713 3488 Cathreim
754 3434 882 3481 Phil.
924 3451 1047 3483 mor.
1086 3453 1139 3499 p.
1180 3450 1300 3498 340.
