2367 3850
260 208 364 258 310
862 208 1091 244 ETHICA.
1159 209 1296 245 PARS
1337 208 1638 246 SPECIALIS.

376 358 449 414 II.
494 357 657 414 Iuris
697 364 752 415 et
788 356 974 431 officii
1012 365 1231 415 divisio.

376 456 448 514 A.
493 454 713 514 Variae
756 466 891 513 sunt
931 456 1076 513 iuris
1115 456 1446 524 diviszbneS,
1505 474 1754 530 quarum
1799 455 2136 531 praecipua
2185 473 2268 512 ea

255 554 359 616 est,
405 563 523 618 qua
552 544 926 619 distinguitur
969 545 1056 602 ius
1097 545 1431 620 perfectum
1460 545 1554 604 vel
1597 544 1862 603 strictum
1907 555 1965 603 et
2008 545 2102 603 ius
2147 544 2265 601 im-

255 634 586 710 perfectum
628 635 723 692 vel
766 653 890 692 non
934 633 1216 693 strictum.

382 744 429 782 1.
482 726 612 782 «Ius
654 722 1043 801 imperfectum
1087 718 1234 797 (non
1277 724 1560 795 strictum,
1605 725 1693 783 ius
1721 723 2056 799 improprie
2101 716 2261 795 tale)

254 822 342 871 est
381 811 521 872 illud
541 859 555 884 ,
619 813 783 888 quod
844 831 967 870 non
1024 823 1112 871 est
1166 812 1624 872 determinatum
1679 813 1803 872 sive
1866 813 1928 870 in
1986 831 2056 870 se
2118 811 2260 870 sive

254 902 454 977 quoad
496 921 803 979 personam,
846 921 1047 977 neque
1088 902 1185 960 via
1227 901 1557 962 coactionis
1599 901 1754 978 exigi
1795 911 2006 978 potest.
2089 902 2258 959 Tale

252 1002 341 1050 est
381 1013 433 1050 v.
478 1011 535 1067 g.
579 991 668 1050 ius
710 992 1075 1067 singulorum
1117 992 1197 1050 ad
1239 993 1648 1067 eleemosynas
1689 1013 1725 1050 a
1765 1002 2046 1050 testatore
2097 1010 2256 1066 pau·

254 1080 493 1156 peribus
536 1081 597 1139 in
638 1100 862 1156 genere
892 1081 1158 1153 relictas3
1200 1081 1306 1152 iuS,
1352 1082 1517 1157 quod
1554 1080 1721 1158 digni
1747 1082 1972 1140 habent
2011 1081 2097 1138 ad
2139 1081 2260 1138 ob·

252 1171 500 1230 tinenda
541 1189 788 1230 munera
830 1189 932 1230 seu
976 1170 1173 1229 officia
1217 1171 1673 1242 communitatiS,
1719 1181 1830 1230 etc.

379 1281 428 1318 2.
480 1263 610 1319 «Ius
640 1260 962 1338 perfectum
1005 1256 1310 1334 (strictum,
1356 1259 1633 1336 cogibile,
1677 1260 1766 1320 ius
1806 1259 2050 1336 proprie
2094 1254 2252 1334 tale)

254 1359 342 1408 est
384 1349 553 1421 illud,
612 1350 780 1425 quod
822 1349 1283 1408 determinatum
1326 1360 1430 1419 est,
1487 1360 1610 1408 tum
1655 1351 1716 1408 in
1759 1369 1821 1408 se
1862 1361 1985 1408 tum
2028 1351 2251 1424 quoad

252 1458 571 1513 personaS,
633 1449 691 1498 et
750 1438 847 1497 via
888 1439 1216 1498 coactionis
1258 1438 1415 1514 exigi
1475 1450 1687 1515 potest.
1770 1441 1918 1498 Tale
1986 1448 2079 1496 est
2147 1439 2250 1496 ius

253 1527 433 1586 vitam
476 1547 639 1587 suam
682 1530 777 1586 vel
820 1529 1040 1587 famam
1083 1547 1249 1588 suam
1292 1529 1528 1601 tuendi,
1586 1546 1714 1588 rem
1771 1547 1934 1588 suam
1988 1546 2250 1603 recupe-

254 1617 443 1689 randi,
490 1629 639 1676 ete.»
670 1619 687 1650 ¹
1243 1632 1246 1635 ·

372 1709 438 1765 Β.
484 1706 715 1780 Quibus
743 1708 1021 1766 omnibus
1066 1708 1400 1780 declaratis,
1443 1709 1559 1766 hac
1587 1709 1773 1767 altera
1801 1705 2031 1766 ethicae
2061 1717 2243 1783 parte

254 1793 370 1853 iam
414 1797 730 1871 quaeritur,
776 1816 1073 1873 quaenam
1116 1796 1232 1855 sint
1273 1797 1596 1873 praecipua
1636 1796 1894 1856 hominis
1934 1796 2093 1867 iura,
2139 1798 2241 1854 vel

252 1886 519 1960 perfecta
558 1888 652 1946 vel
693 1887 1062 1963 imperfecta,
1106 1904 1347 1946 necnon
1387 1889 1587 1964 qfficia,
1632 1905 1786 1963 quae
1828 1904 1902 1945 ex
1941 1885 2068 1946 iure
2109 1886 2240 1947 sive

250 1976 451 2034 stricto
495 1976 618 2036 sive
660 1995 785 2035 non
827 1978 1029 2036 stricto
1072 1977 1355 2036 oriuntur.

370 2066 517 2124 Sunt
558 2077 754 2125 autem
796 2068 947 2125 haec
988 2068 1117 2125 iura
1156 2067 1253 2125 vel
1293 2065 1524 2125 officia:

374 2175 422 2213 1.
480 2157 594 2214 Vel
650 2157 1062 2227 individualia,
1107 2175 1264 2232 quae
1320 2155 1548 2215 scilicet
1588 2155 1845 2215 hominis
1901 2164 2039 2215 sunt
2095 2174 2239 2215 con-

248 2244 488 2303 siderati
529 2245 857 2304 secundum
902 2247 1224 2305 relationes
1266 2264 1399 2304 suas
1441 2244 1864 2303 individuales:

370 2328 426 2409 a)
468 2336 561 2393 vel
604 2336 683 2394 ad
724 2337 920 2395 Deum
964 2330 1188 2412 (officia
1228 2354 1371 2410 erga
1414 2329 1651 2409 Deum),

369 2418 431 2499 b)
474 2426 570 2483 vel
612 2424 690 2483 ad
732 2444 796 2484 se
839 2425 1030 2501 ipsum
1074 2419 1295 2501 (officia
1337 2443 1481 2499 erga
1521 2442 1586 2483 se
1628 2418 1861 2499 ipsum),

370 2507 426 2589 c)
469 2516 563 2572 vel
622 2515 702 2573 ad
761 2514 908 2573 alios
968 2514 1242 2574 homines
1302 2514 1563 2590 privatos
1624 2508 1844 2589 (officia
1900 2532 2049 2588 erga
2103 2534 2243 2591 pro-

251 2597 514 2677 ximum).

373 2713 423 2749 2.
467 2692 584 2750 Vel
623 2692 872 2760 socialia,
916 2691 1172 2750 hominis
1215 2691 1442 2751 scilicet
1483 2691 1734 2768 spectati
1771 2691 2108 2751 secundum
2153 2712 2240 2751 re·

247 2782 495 2840 lationes
541 2799 673 2839 suas
715 2780 995 2839 sociales:

367 2864 424 2944 a)
467 2871 561 2929 vel
602 2869 682 2928 ad
724 2870 1067 2929 societatem
1110 2870 1502 2929 domesticam
1545 2866 1896 2945 (familiam),

366 2953 427 3034 b)
471 2960 565 3018 vel
607 2960 687 3018 ad
728 2958 1076 3018 societatem
1118 2960 1354 3020 civilem
1398 2955 1761 3037 (civitatem),

369 3042 424 3122 c)
467 3050 561 3108 vel
604 3049 683 3107 ad
725 3048 1071 3109 societatem
1111 3050 1632 3109 internationalem
1678 3045 1788 3126 (ius
1828 3046 2149 3126 gentium).

368 3242 385 3275 ¹
424 3246 602 3305 Marc,
659 3246 876 3297 Institut.
916 3248 1130 3296 morales
1169 3265 1220 3297 n.
1265 3259 1383 3309 720.
1457 3249 1598 3298 Alias
1635 3266 1758 3299 vero
1796 3248 1916 3299 iuris
1953 3248 2248 3301 divisiones

246 3326 524 3374 declaratas
577 3325 794 3373 habebis
851 3326 1249 3377 institutionibus
1304 3330 1425 3379 iuris
1481 3330 1732 3380 canonici.
1809 3330 1889 3380 Cf.
1943 3332 2247 3396 Bargilliat,

244 3402 618 3453 Praelectiones
658 3402 775 3452 iuris
813 3405 1047 3453 canonici
1087 3423 1138 3456 n.
1180 3421 1204 3457 1
1248 3425 1323 3473 sq.
