<?xml version="1.0" encoding="UTF-8"?>
<!DOCTYPE html PUBLIC "-//W3C//DTD XHTML 1.0 Transitional//EN"
    "http://www.w3.org/TR/xhtml1/DTD/xhtml1-transitional.dtd">
<html xmlns="http://www.w3.org/1999/xhtml" xml:lang="en" lang="en">
 <head>
  <title>
</title>
<meta http-equiv="Content-Type" content="text/html;charset=utf-8" />
  <meta name='ocr-system' content='tesseract 3.04.00' />
  <meta name='ocr-capabilities' content='ocr_page ocr_carea ocr_par ocr_line ocrx_word'/>
</head>
<body>
  <div class='ocr_page' id='page_1' title='image "./elementaphiloso01reingoog_0229.png"; bbox 0 0 2367 3850; ppageno 0'>
   <div class='ocr_carea' id='block_1_1' title="bbox 42 0 969 122">
    <p class='ocr_par' dir='ltr' id='par_1_1' title="bbox 42 0 969 122">
     <span class='ocr_line' id='line_1_1' title="bbox 42 0 969 122; baseline 0 3728"><span class='ocrx_word' id='word_1_1' title='bbox 42 0 969 122; x_wconf 95' lang='lat' dir='ltr'><strong> </strong></span> 
     </span>
    </p>
   </div>
   <div class='ocr_carea' id='block_1_2' title="bbox 40 931 48 958">
    <p class='ocr_par' dir='ltr' id='par_1_2' title="bbox 40 931 48 958">
     <span class='ocr_line' id='line_1_2' title="bbox 40 931 48 958; baseline 0 0"><span class='ocrx_word' id='word_1_2' title='bbox 40 931 48 958; x_wconf 71' lang='lat' dir='ltr'><strong>t</strong></span> 
     </span>
    </p>
   </div>
   <div class='ocr_carea' id='block_1_3' title="bbox 677 223 2083 276">
    <p class='ocr_par' dir='ltr' id='par_1_3' title="bbox 677 223 2083 276">
     <span class='ocr_line' id='line_1_3' title="bbox 677 223 2083 276; baseline 0.001 -16"><span class='ocrx_word' id='word_1_3' title='bbox 677 223 755 260; x_wconf 84' lang='lat' dir='ltr'><strong>DE</strong></span> <span class='ocrx_word' id='word_1_4' title='bbox 795 223 1364 262; x_wconf 71' lang='lat' dir='ltr'>SUBSTANTIALITATE</span> <span class='ocrx_word' id='word_1_5' title='bbox 1404 224 1520 262; x_wconf 80' lang='lat' dir='ltr'><strong>DEI.</strong></span> <span class='ocrx_word' id='word_1_6' title='bbox 1980 225 2083 276; x_wconf 81' lang='lat'><strong>203</strong></span> 
     </span>
    </p>
   </div>
   <div class='ocr_carea' id='block_1_4' title="bbox 121 372 2095 895">
    <p class='ocr_par' dir='ltr' id='par_1_4' title="bbox 121 372 2095 895">
     <span class='ocr_line' id='line_1_4' title="bbox 227 372 2091 448; baseline 0 -16"><span class='ocrx_word' id='word_1_7' title='bbox 227 372 562 432; x_wconf 85' lang='lat' dir='ltr'><strong>Concilium</strong></span> <span class='ocrx_word' id='word_1_8' title='bbox 617 389 766 431; x_wconf 88' lang='lat' dir='ltr'><strong>vero</strong></span> <span class='ocrx_word' id='word_1_9' title='bbox 820 373 1150 430; x_wconf 70' lang='lat' dir='ltr'><em>Vaticanum</em></span> <span class='ocrx_word' id='word_1_10' title='bbox 1207 373 1474 448; x_wconf 82' lang='lat' dir='ltr'><strong>declarat</strong></span> <span class='ocrx_word' id='word_1_11' title='bbox 1528 375 1725 432; x_wconf 88' lang='lat' dir='ltr'><strong>Deum</strong></span> <span class='ocrx_word' id='word_1_12' title='bbox 1787 391 1957 432; x_wconf 79' lang='lat' dir='ltr'><strong>«cum</strong></span> <span class='ocrx_word' id='word_1_13' title='bbox 2017 374 2091 432; x_wconf 91' lang='lat' dir='ltr'><strong>sit</strong></span> 
     </span>
     <span class='ocr_line' id='line_1_5' title="bbox 121 461 2091 538; baseline 0.001 -19"><span class='ocrx_word' id='word_1_14' title='bbox 121 481 227 519; x_wconf 86' lang='lat' dir='ltr'><strong>una</strong></span> <span class='ocrx_word' id='word_1_15' title='bbox 281 461 609 520; x_wconf 86' lang='lat' dir='ltr'><strong>substantia</strong></span> <span class='ocrx_word' id='word_1_16' title='bbox 667 461 980 537; x_wconf 86' lang='lat' dir='ltr'><strong>singularis</strong></span> <span class='ocrx_word' id='word_1_17' title='bbox 1026 507 1038 522; x_wconf 94' lang='lat'><strong>.</strong></span> <span class='ocrx_word' id='word_1_18' title='bbox 1087 507 1098 520; x_wconf 92' lang='lat'><strong>.</strong></span> <span class='ocrx_word' id='word_1_19' title='bbox 1145 508 1157 520; x_wconf 95' lang='lat'><strong>.</strong></span> <span class='ocrx_word' id='word_1_20' title='bbox 1204 461 1679 538; x_wconf 88' lang='lat' dir='ltr'><strong>praedicandum</strong></span> <span class='ocrx_word' id='word_1_21' title='bbox 1732 479 1863 521; x_wconf 89' lang='lat' dir='ltr'><strong>esse</strong></span> <span class='ocrx_word' id='word_1_22' title='bbox 1916 481 1983 522; x_wconf 90' lang='lat' dir='ltr'><strong>re</strong></span> <span class='ocrx_word' id='word_1_23' title='bbox 2030 472 2091 522; x_wconf 93' lang='lat' dir='ltr'><strong>et</strong></span> 
     </span>
     <span class='ocr_line' id='line_1_6' title="bbox 121 550 2091 628; baseline 0.001 -18"><span class='ocrx_word' id='word_1_24' title='bbox 121 551 359 610; x_wconf 84' lang='lat' dir='ltr'><strong>essentia</strong></span> <span class='ocrx_word' id='word_1_25' title='bbox 399 569 436 610; x_wconf 89' lang='lat' dir='ltr'><strong>a</strong></span> <span class='ocrx_word' id='word_1_26' title='bbox 479 551 710 610; x_wconf 89' lang='lat' dir='ltr'><strong>mundo</strong></span> <span class='ocrx_word' id='word_1_27' title='bbox 751 550 1096 610; x_wconf 85' lang='lat' dir='ltr'><strong>distinctum</strong></span> <span class='ocrx_word' id='word_1_28' title='bbox 1141 597 1154 610; x_wconf 92' lang='lat'><strong>.</strong></span> <span class='ocrx_word' id='word_1_29' title='bbox 1204 597 1217 610; x_wconf 92' lang='lat'><strong>.</strong></span> <span class='ocrx_word' id='word_1_30' title='bbox 1266 597 1277 611; x_wconf 92' lang='lat'><strong>.</strong></span> <span class='ocrx_word' id='word_1_31' title='bbox 1323 562 1383 611; x_wconf 89' lang='lat' dir='ltr'><strong>et</strong></span> <span class='ocrx_word' id='word_1_32' title='bbox 1424 570 1603 628; x_wconf 88' lang='lat' dir='ltr'><strong>super</strong></span> <span class='ocrx_word' id='word_1_33' title='bbox 1644 551 1877 623; x_wconf 88' lang='lat' dir='ltr'><strong>omnia,</strong></span> <span class='ocrx_word' id='word_1_34' title='bbox 1936 569 2091 628; x_wconf 87' lang='lat' dir='ltr'><strong>quae</strong></span> 
     </span>
     <span class='ocr_line' id='line_1_7' title="bbox 122 639 2095 716; baseline 0.001 -19"><span class='ocrx_word' id='word_1_35' title='bbox 122 651 341 715; x_wconf 89' lang='lat' dir='ltr'><strong>praeter</strong></span> <span class='ocrx_word' id='word_1_36' title='bbox 393 640 592 716; x_wconf 87' lang='lat' dir='ltr'><strong>ipsum</strong></span> <span class='ocrx_word' id='word_1_37' title='bbox 647 650 783 698; x_wconf 89' lang='lat' dir='ltr'><strong>sunt</strong></span> <span class='ocrx_word' id='word_1_38' title='bbox 838 649 899 698; x_wconf 89' lang='lat' dir='ltr'><strong>et</strong></span> <span class='ocrx_word' id='word_1_39' title='bbox 940 639 1184 716; x_wconf 88' lang='lat' dir='ltr'>concipi</span> <span class='ocrx_word' id='word_1_40' title='bbox 1226 650 1505 716; x_wconf 89' lang='lat' dir='ltr'><strong>possunt,</strong></span> <span class='ocrx_word' id='word_1_41' title='bbox 1564 640 1945 701; x_wconf 88' lang='lat' dir='ltr'><strong>ineffabiliter</strong></span> <span class='ocrx_word' id='word_1_42' title='bbox 2000 659 2095 699; x_wconf 88' lang='lat' dir='ltr'><strong>ex-</strong></span> 
     </span>
     <span class='ocr_line' id='line_1_8' title="bbox 122 728 2090 804; baseline 0.001 -18"><span class='ocrx_word' id='word_1_43' title='bbox 122 731 402 804; x_wconf 78' lang='lat' dir='ltr'><strong>celsum›;</strong></span> <span class='ocrx_word' id='word_1_44' title='bbox 463 739 526 788; x_wconf 89' lang='lat' dir='ltr'><strong>et</strong></span> <span class='ocrx_word' id='word_1_45' title='bbox 565 738 780 787; x_wconf 87' lang='lat' dir='ltr'><strong>contra</strong></span> <span class='ocrx_word' id='word_1_46' title='bbox 836 728 1205 803; x_wconf 82' lang='lat' dir='ltr'><strong>pantheistas</strong></span> <span class='ocrx_word' id='word_1_47' title='bbox 1264 749 1530 790; x_wconf 88' lang='lat' dir='ltr'><strong>canones</strong></span> <span class='ocrx_word' id='word_1_48' title='bbox 1587 749 1621 804; x_wconf 89' lang='lat'>3</span> <span class='ocrx_word' id='word_1_49' title='bbox 1665 740 1727 788; x_wconf 89' lang='lat' dir='ltr'><strong>et</strong></span> <span class='ocrx_word' id='word_1_50' title='bbox 1778 749 1817 801; x_wconf 86' lang='lat'>4</span> <span class='ocrx_word' id='word_1_51' title='bbox 1877 729 2090 801; x_wconf 84' lang='lat' dir='ltr'><strong>statuit,</strong></span> 
     </span>
     <span class='ocr_line' id='line_1_9' title="bbox 124 813 1233 895; baseline 0 -18"><span class='ocrx_word' id='word_1_52' title='bbox 124 836 264 893; x_wconf 88' lang='lat' dir='ltr'><strong>quos</strong></span> <span class='ocrx_word' id='word_1_53' title='bbox 301 837 480 895; x_wconf 90' lang='lat' dir='ltr'><strong>supra</strong></span> <span class='ocrx_word' id='word_1_54' title='bbox 523 813 605 893; x_wconf 92' lang='lat' dir='ltr'><strong>(p.</strong></span> <span class='ocrx_word' id='word_1_55' title='bbox 658 813 792 893; x_wconf 89' lang='lat'>191)</span> <span class='ocrx_word' id='word_1_56' title='bbox 836 818 1233 877; x_wconf 65' lang='lat' dir='ltr'><strong>recitavimus</strong></span> 
     </span>
    </p>
   </div>
   <div class='ocr_carea' id='block_1_5' title="bbox 228 977 2097 1161">
    <p class='ocr_par' dir='ltr' id='par_1_5' title="bbox 228 977 2097 1161">
     <span class='ocr_line' id='line_1_10' title="bbox 228 977 1139 1044; baseline 0 -17"><span class='ocrx_word' id='word_1_57' title='bbox 228 977 430 1027; x_wconf 72' lang='lat' dir='ltr'><strong>‘rhesis</strong></span> <span class='ocrx_word' id='word_1_58' title='bbox 468 978 726 1041; x_wconf 79' lang='lat' dir='ltr'><strong>probatio</strong></span> <span class='ocrx_word' id='word_1_59' title='bbox 769 986 882 1044; x_wconf 91' lang='lat' dir='ltr'><strong>per</strong></span> <span class='ocrx_word' id='word_1_60' title='bbox 922 979 1139 1044; x_wconf 87' lang='lat' dir='ltr'><strong>partes.</strong></span> 
     </span>
     <span class='ocr_line' id='line_1_11' title="bbox 229 1083 2097 1161; baseline 0.002 -20"><span class='ocrx_word' id='word_1_61' title='bbox 229 1084 382 1142; x_wconf 83' lang='lat' dir='ltr'><strong>Pars</strong></span> <span class='ocrx_word' id='word_1_62' title='bbox 421 1085 474 1142; x_wconf 93' lang='lat' dir='ltr'><strong>I.</strong></span> <span class='ocrx_word' id='word_1_63' title='bbox 559 1085 728 1144; x_wconf 84' lang='lat' dir='ltr'><strong>Deus</strong></span> <span class='ocrx_word' id='word_1_64' title='bbox 769 1092 852 1143; x_wconf 84' lang='lat' dir='ltr'><strong>est</strong></span> <span class='ocrx_word' id='word_1_65' title='bbox 887 1085 1223 1142; x_wconf 80' lang='lat' dir='ltr'><strong>substantia.</strong></span> <span class='ocrx_word' id='word_1_66' title='bbox 1308 1083 1493 1158; x_wconf 91' lang='lat' dir='ltr'><strong>Quod</strong></span> <span class='ocrx_word' id='word_1_67' title='bbox 1548 1084 1812 1161; x_wconf 88' lang='lat' dir='ltr'><strong>sequitur</strong></span> <span class='ocrx_word' id='word_1_68' title='bbox 1857 1103 1930 1144; x_wconf 88' lang='lat' dir='ltr'><strong>ex</strong></span> <span class='ocrx_word' id='word_1_69' title='bbox 1972 1084 2097 1144; x_wconf 88' lang='lat' dir='ltr'><strong>eius</strong></span> 
     </span>
    </p>
   </div>
   <div class='ocr_carea' id='block_1_6' title="bbox 40 1172 2097 1250">
    <p class='ocr_par' dir='ltr' id='par_1_6' title="bbox 40 1172 2097 1250">
     <span class='ocr_line' id='line_1_12' title="bbox 40 1172 2097 1250; baseline 0.001 -21"><span class='ocrx_word' id='word_1_70' title='bbox 40 1189 48 1200; x_wconf 66' lang='lat'>²</span> <span class='ocrx_word' id='word_1_71' title='bbox 123 1173 355 1230; x_wconf 82' lang='lat' dir='ltr'><strong>ascitate.</strong></span> <span class='ocrx_word' id='word_1_72' title='bbox 427 1175 522 1232; x_wconf 87' lang='lat' dir='ltr'><strong>Ita</strong></span> <span class='ocrx_word' id='word_1_73' title='bbox 564 1175 726 1234; x_wconf 89' lang='lat' dir='ltr'><strong>enim</strong></span> <span class='ocrx_word' id='word_1_74' title='bbox 769 1173 1021 1244; x_wconf 89' lang='lat' dir='ltr'><strong>exsistit,</strong></span> <span class='ocrx_word' id='word_1_75' title='bbox 1079 1184 1144 1232; x_wconf 94' lang='lat' dir='ltr'><strong>ut</strong></span> <span class='ocrx_word' id='word_1_76' title='bbox 1184 1173 1352 1232; x_wconf 90' lang='lat' dir='ltr'><strong>nullo</strong></span> <span class='ocrx_word' id='word_1_77' title='bbox 1394 1175 1512 1232; x_wconf 82' lang='lat' dir='ltr'><strong>alio</strong></span> <span class='ocrx_word' id='word_1_78' title='bbox 1558 1172 1826 1250; x_wconf 83' lang='lat' dir='ltr'><strong>indigeat</strong></span> <span class='ocrx_word' id='word_1_79' title='bbox 1868 1174 1947 1233; x_wconf 87' lang='lat' dir='ltr'><strong>ad</strong></span> <span class='ocrx_word' id='word_1_80' title='bbox 2002 1193 2097 1233; x_wconf 90' lang='lat' dir='ltr'><strong>ex-</strong></span> 
     </span>
    </p>
   </div>
   <div class='ocr_carea' id='block_1_7' title="bbox 34 1709 52 2723">
    <p class='ocr_par' dir='ltr' id='par_1_7' title="bbox 34 1709 52 2723">
     <span class='ocr_line' id='line_1_13' title="bbox 34 1709 52 2723; textangle 90"><span class='ocrx_word' id='word_1_81' title='bbox 34 2496 48 2723; x_wconf 64' lang='lat' dir='ltr'><strong>&#39;&#39;W‘&#39;</strong></span> <span class='ocrx_word' id='word_1_82' title='bbox 34 1889 52 2463; x_wconf 57' lang='lat' dir='ltr'><strong>‘W</strong></span> <span class='ocrx_word' id='word_1_83' title='bbox 36 1845 40 1866; x_wconf 46' lang='lat' dir='ltr'>q</span> <span class='ocrx_word' id='word_1_84' title='bbox 36 1709 46 1826; x_wconf 30' lang='lat' dir='ltr'><strong>*⁷ss</strong></span> 
     </span>
    </p>
   </div>
   <div class='ocr_carea' id='block_1_8' title="bbox 34 2790 48 2931">
    <p class='ocr_par' dir='ltr' id='par_1_8' title="bbox 34 2790 48 2931">
     <span class='ocr_line' id='line_1_14' title="bbox 34 2790 48 2931; textangle 90"><span class='ocrx_word' id='word_1_85' title='bbox 34 2790 48 2931; x_wconf 56' lang='lat' dir='ltr'><strong>‘W</strong></span> 
     </span>
    </p>
   </div>
   <div class='ocr_carea' id='block_1_9' title="bbox 124 1261 2097 1518">
    <p class='ocr_par' dir='ltr' id='par_1_9' title="bbox 124 1261 2097 1518">
     <span class='ocr_line' id='line_1_15' title="bbox 124 1261 2096 1335; baseline -0.001 -15"><span class='ocrx_word' id='word_1_86' title='bbox 124 1262 434 1321; x_wconf 89' lang='lat' dir='ltr'><strong>sistendum</strong></span> <span class='ocrx_word' id='word_1_87' title='bbox 451 1309 466 1335; x_wconf 93' lang='lat'><strong>,</strong></span> <span class='ocrx_word' id='word_1_88' title='bbox 525 1263 634 1322; x_wconf 90' lang='lat' dir='ltr'><strong>sed</strong></span> <span class='ocrx_word' id='word_1_89' title='bbox 689 1283 728 1322; x_wconf 88' lang='lat' dir='ltr'><strong>a</strong></span> <span class='ocrx_word' id='word_1_90' title='bbox 781 1281 845 1322; x_wconf 89' lang='lat' dir='ltr'><strong>se</strong></span> <span class='ocrx_word' id='word_1_91' title='bbox 899 1263 1120 1321; x_wconf 88' lang='lat' dir='ltr'><strong>habeat</strong></span> <span class='ocrx_word' id='word_1_92' title='bbox 1174 1280 1341 1320; x_wconf 87' lang='lat' dir='ltr'><strong>suam</strong></span> <span class='ocrx_word' id='word_1_93' title='bbox 1384 1262 1802 1322; x_wconf 81' lang='lat' dir='ltr'><strong>exsistentiam.</strong></span> <span class='ocrx_word' id='word_1_94' title='bbox 1886 1262 2007 1322; x_wconf 91' lang='lat' dir='ltr'><strong>Sed</strong></span> <span class='ocrx_word' id='word_1_95' title='bbox 2049 1261 2096 1322; x_wconf 92' lang='lat' dir='ltr'><strong>si</strong></span> 
     </span>
     <span class='ocr_line' id='line_1_16' title="bbox 124 1350 2097 1424; baseline 0 -14"><span class='ocrx_word' id='word_1_96' title='bbox 124 1371 156 1410; x_wconf 86' lang='lat' dir='ltr'><strong>a</strong></span> <span class='ocrx_word' id='word_1_97' title='bbox 192 1369 253 1411; x_wconf 90' lang='lat' dir='ltr'><strong>se</strong></span> <span class='ocrx_word' id='word_1_98' title='bbox 289 1352 476 1411; x_wconf 88' lang='lat' dir='ltr'><strong>habet</strong></span> <span class='ocrx_word' id='word_1_99' title='bbox 516 1370 684 1411; x_wconf 87' lang='lat' dir='ltr'><strong>suam</strong></span> <span class='ocrx_word' id='word_1_100' title='bbox 729 1352 1148 1423; x_wconf 82' lang='lat' dir='ltr'><strong>exsistentiam,</strong></span> <span class='ocrx_word' id='word_1_101' title='bbox 1208 1360 1374 1411; x_wconf 89' lang='lat' dir='ltr'><strong>certo</strong></span> <span class='ocrx_word' id='word_1_102' title='bbox 1417 1350 1639 1411; x_wconf 84' lang='lat' dir='ltr'><strong>exsistit</strong></span> <span class='ocrx_word' id='word_1_103' title='bbox 1678 1353 1741 1410; x_wconf 91' lang='lat' dir='ltr'><strong>in</strong></span> <span class='ocrx_word' id='word_1_104' title='bbox 1783 1371 1866 1424; x_wconf 89' lang='lat' dir='ltr'><strong>se,</strong></span> <span class='ocrx_word' id='word_1_105' title='bbox 1914 1352 1995 1410; x_wconf 91' lang='lat' dir='ltr'><strong>ita</strong></span> <span class='ocrx_word' id='word_1_106' title='bbox 2033 1362 2097 1410; x_wconf 93' lang='lat' dir='ltr'><strong>ut</strong></span> 
     </span>
     <span class='ocr_line' id='line_1_17' title="bbox 125 1440 1407 1518; baseline 0.002 -20"><span class='ocrx_word' id='word_1_107' title='bbox 125 1443 274 1500; x_wconf 91' lang='lat' dir='ltr'><strong>nullo</strong></span> <span class='ocrx_word' id='word_1_108' title='bbox 314 1441 434 1500; x_wconf 85' lang='lat' dir='ltr'><strong>alio</strong></span> <span class='ocrx_word' id='word_1_109' title='bbox 478 1441 764 1518; x_wconf 87' lang='lat' dir='ltr'><strong>indigeat,</strong></span> <span class='ocrx_word' id='word_1_110' title='bbox 810 1441 874 1499; x_wconf 89' lang='lat' dir='ltr'><strong>in</strong></span> <span class='ocrx_word' id='word_1_111' title='bbox 916 1459 1038 1517; x_wconf 91' lang='lat' dir='ltr'><strong>quo</strong></span> <span class='ocrx_word' id='word_1_112' title='bbox 1079 1440 1407 1500; x_wconf 87' lang='lat' dir='ltr'><strong>inhaereat.</strong></span> 
     </span>
    </p>
   </div>
   <div class='ocr_carea' id='block_1_10' title="bbox 127 1538 2099 1883">
    <p class='ocr_par' dir='ltr' id='par_1_10' title="bbox 127 1538 2099 1883">
     <span class='ocr_line' id='line_1_18' title="bbox 235 1538 2096 1615; baseline -0.001 -17"><span class='ocrx_word' id='word_1_113' title='bbox 235 1539 510 1614; x_wconf 90' lang='lat' dir='ltr'><strong>Sequitur</strong></span> <span class='ocrx_word' id='word_1_114' title='bbox 566 1539 744 1598; x_wconf 87' lang='lat' dir='ltr'><strong>etiam</strong></span> <span class='ocrx_word' id='word_1_115' title='bbox 802 1557 877 1598; x_wconf 84' lang='lat' dir='ltr'><strong>ex</strong></span> <span class='ocrx_word' id='word_1_116' title='bbox 932 1538 1058 1598; x_wconf 89' lang='lat' dir='ltr'><strong>eius</strong></span> <span class='ocrx_word' id='word_1_117' title='bbox 1099 1540 1400 1615; x_wconf 84' lang='lat' dir='ltr'><strong>infinitate.</strong></span> <span class='ocrx_word' id='word_1_118' title='bbox 1487 1540 1785 1599; x_wconf 87' lang='lat' dir='ltr'><strong>Exsistere</strong></span> <span class='ocrx_word' id='word_1_119' title='bbox 1832 1538 1991 1599; x_wconf 88' lang='lat' dir='ltr'><strong>enim</strong></span> <span class='ocrx_word' id='word_1_120' title='bbox 2035 1539 2096 1597; x_wconf 90' lang='lat' dir='ltr'><strong>in</strong></span> 
     </span>
     <span class='ocr_line' id='line_1_19' title="bbox 127 1627 2095 1705; baseline -0.001 -19"><span class='ocrx_word' id='word_1_121' title='bbox 127 1646 182 1686; x_wconf 91' lang='lat' dir='ltr'><strong>se</strong></span> <span class='ocrx_word' id='word_1_122' title='bbox 207 1629 301 1700; x_wconf 88' lang='lat' dir='ltr'><strong>ita,</strong></span> <span class='ocrx_word' id='word_1_123' title='bbox 342 1637 407 1687; x_wconf 90' lang='lat' dir='ltr'><strong>ut</strong></span> <span class='ocrx_word' id='word_1_124' title='bbox 433 1647 561 1687; x_wconf 89' lang='lat' dir='ltr'><strong>non</strong></span> <span class='ocrx_word' id='word_1_125' title='bbox 591 1647 742 1705; x_wconf 88' lang='lat' dir='ltr'><strong>opus</strong></span> <span class='ocrx_word' id='word_1_126' title='bbox 771 1629 845 1688; x_wconf 91' lang='lat' dir='ltr'><strong>sit</strong></span> <span class='ocrx_word' id='word_1_127' title='bbox 872 1628 1008 1700; x_wconf 81' lang='lat' dir='ltr'><strong>alio,</strong></span> <span class='ocrx_word' id='word_1_128' title='bbox 1053 1629 1221 1704; x_wconf 88' lang='lat' dir='ltr'><strong>quod</strong></span> <span class='ocrx_word' id='word_1_129' title='bbox 1258 1627 1331 1686; x_wconf 92' lang='lat' dir='ltr'><strong>sit</strong></span> <span class='ocrx_word' id='word_1_130' title='bbox 1358 1627 1687 1688; x_wconf 87' lang='lat' dir='ltr'><strong>subiectum</strong></span> <span class='ocrx_word' id='word_1_131' title='bbox 1716 1627 2095 1700; x_wconf 80' lang='lat' dir='ltr'><strong>inhaesioniS,</strong></span> 
     </span>
     <span class='ocr_line' id='line_1_20' title="bbox 127 1717 2099 1794; baseline -0.001 -18"><span class='ocrx_word' id='word_1_132' title='bbox 127 1728 279 1777; x_wconf 90' lang='lat' dir='ltr'><strong>certo</strong></span> <span class='ocrx_word' id='word_1_133' title='bbox 317 1729 409 1777; x_wconf 90' lang='lat' dir='ltr'><strong>est</strong></span> <span class='ocrx_word' id='word_1_134' title='bbox 449 1717 764 1794; x_wconf 85' lang='lat' dir='ltr'><strong>perfectio.</strong></span> <span class='ocrx_word' id='word_1_135' title='bbox 837 1721 1002 1793; x_wconf 88' lang='lat' dir='ltr'><strong>Ergo</strong></span> <span class='ocrx_word' id='word_1_136' title='bbox 1041 1719 1179 1776; x_wconf 94' lang='lat' dir='ltr'><strong>Deo</strong></span> <span class='ocrx_word' id='word_1_137' title='bbox 1221 1717 1320 1777; x_wconf 91' lang='lat' dir='ltr'><strong>ille</strong></span> <span class='ocrx_word' id='word_1_138' title='bbox 1362 1718 1577 1777; x_wconf 90' lang='lat' dir='ltr'><strong>modus</strong></span> <span class='ocrx_word' id='word_1_139' title='bbox 1631 1719 1949 1777; x_wconf 88' lang='lat' dir='ltr'><strong>exsistendi</strong></span> <span class='ocrx_word' id='word_1_140' title='bbox 2004 1717 2099 1776; x_wconf 89' lang='lat' dir='ltr'><strong>tri-</strong></span> 
     </span>
     <span class='ocr_line' id='line_1_21' title="bbox 129 1807 1159 1883; baseline 0 -19"><span class='ocrx_word' id='word_1_141' title='bbox 129 1808 386 1866; x_wconf 87' lang='lat' dir='ltr'><strong>buendus</strong></span> <span class='ocrx_word' id='word_1_142' title='bbox 429 1818 535 1879; x_wconf 91' lang='lat' dir='ltr'><strong>est,</strong></span> <span class='ocrx_word' id='word_1_143' title='bbox 580 1807 763 1883; x_wconf 91' lang='lat' dir='ltr'><strong>idque</strong></span> <span class='ocrx_word' id='word_1_144' title='bbox 807 1808 1159 1866; x_wconf 88' lang='lat' dir='ltr'><strong>eminenter.</strong></span> 
     </span>
    </p>
   </div>
   <div class='ocr_carea' id='block_1_11' title="bbox 128 1904 2096 2055">
    <p class='ocr_par' dir='ltr' id='par_1_11' title="bbox 128 1904 2096 2055">
     <span class='ocr_line' id='line_1_22' title="bbox 236 1904 2096 1981; baseline 0 -18"><span class='ocrx_word' id='word_1_145' title='bbox 236 1906 323 1963; x_wconf 87' lang='lat' dir='ltr'><strong>Ex</strong></span> <span class='ocrx_word' id='word_1_146' title='bbox 379 1904 597 1981; x_wconf 86' lang='lat' dir='ltr'><strong>quibus</strong></span> <span class='ocrx_word' id='word_1_147' title='bbox 652 1905 832 1965; x_wconf 91' lang='lat' dir='ltr'><strong>etiam</strong></span> <span class='ocrx_word' id='word_1_148' title='bbox 873 1905 1184 1981; x_wconf 87' lang='lat' dir='ltr'><strong>intelleges</strong></span> <span class='ocrx_word' id='word_1_149' title='bbox 1225 1907 1423 1965; x_wconf 88' lang='lat' dir='ltr'><strong>Deum</strong></span> <span class='ocrx_word' id='word_1_150' title='bbox 1480 1905 1597 1965; x_wconf 88' lang='lat' dir='ltr'><strong>alio</strong></span> <span class='ocrx_word' id='word_1_151' title='bbox 1658 1923 1854 1981; x_wconf 88' lang='lat' dir='ltr'><strong>eoque</strong></span> <span class='ocrx_word' id='word_1_152' title='bbox 1910 1905 2096 1965; x_wconf 85' lang='lat' dir='ltr'><strong>excel·</strong></span> 
     </span>
     <span class='ocr_line' id='line_1_23' title="bbox 128 1994 1677 2055; baseline 0.001 -3"><span class='ocrx_word' id='word_1_153' title='bbox 128 1994 365 2055; x_wconf 89' lang='lat' dir='ltr'><strong>lentiore</strong></span> <span class='ocrx_word' id='word_1_154' title='bbox 408 1994 597 2054; x_wconf 90' lang='lat' dir='ltr'><strong>modo</strong></span> <span class='ocrx_word' id='word_1_155' title='bbox 640 2014 771 2055; x_wconf 91' lang='lat' dir='ltr'><strong>esse</strong></span> <span class='ocrx_word' id='word_1_156' title='bbox 814 1994 1203 2055; x_wconf 83' lang='lat' dir='ltr'><strong>substantiam</strong></span> <span class='ocrx_word' id='word_1_157' title='bbox 1246 2015 1318 2054; x_wconf 87' lang='lat' dir='ltr'><strong>ac</strong></span> <span class='ocrx_word' id='word_1_158' title='bbox 1360 2005 1677 2054; x_wconf 88' lang='lat' dir='ltr'><strong>creaturas.</strong></span> 
     </span>
    </p>
   </div>
   <div class='ocr_carea' id='block_1_12' title="bbox 128 2206 2100 3477">
    <p class='ocr_par' dir='ltr' id='par_1_12' title="bbox 128 2206 2100 3077">
     <span class='ocr_line' id='line_1_24' title="bbox 129 2206 2099 2273; baseline 0.001 -19"><span class='ocrx_word' id='word_1_159' title='bbox 129 2222 279 2255; x_wconf 87' lang='lat' dir='ltr'><strong>rerum</strong></span> <span class='ocrx_word' id='word_1_160' title='bbox 315 2208 456 2273; x_wconf 83' lang='lat' dir='ltr'><strong>apud</strong></span> <span class='ocrx_word' id='word_1_161' title='bbox 492 2216 760 2273; x_wconf 86' lang='lat' dir='ltr'><strong>utrumque</strong></span> <span class='ocrx_word' id='word_1_162' title='bbox 799 2216 876 2257; x_wconf 89' lang='lat' dir='ltr'><strong>est</strong></span> <span class='ocrx_word' id='word_1_163' title='bbox 927 2208 1166 2257; x_wconf 74' lang='lat' dir='ltr'><strong>identitas</strong></span> <span class='ocrx_word' id='word_1_164' title='bbox 1216 2207 1455 2258; x_wconf 82' lang='lat' dir='ltr'><strong>obiectivi</strong></span> <span class='ocrx_word' id='word_1_165' title='bbox 1508 2216 1559 2256; x_wconf 91' lang='lat' dir='ltr'><strong>et</strong></span> <span class='ocrx_word' id='word_1_166' title='bbox 1608 2206 1897 2265; x_wconf 85' lang='lat' dir='ltr'><strong>subiectivi,</strong></span> <span class='ocrx_word' id='word_1_167' title='bbox 1950 2207 2099 2255; x_wconf 83' lang='lat' dir='ltr'><strong>realis</strong></span> 
     </span>
     <span class='ocr_line' id='line_1_25' title="bbox 128 2287 2099 2354; baseline 0 -19"><span class='ocrx_word' id='word_1_168' title='bbox 128 2295 173 2336; x_wconf 90' lang='lat' dir='ltr'><strong>et</strong></span> <span class='ocrx_word' id='word_1_169' title='bbox 205 2288 406 2350; x_wconf 88' lang='lat' dir='ltr'><strong>idealis,</strong></span> <span class='ocrx_word' id='word_1_170' title='bbox 463 2288 624 2353; x_wconf 89' lang='lat' dir='ltr'><strong>ipsius</strong></span> <span class='ocrx_word' id='word_1_171' title='bbox 662 2304 774 2338; x_wconf 89' lang='lat' dir='ltr'><strong>esse</strong></span> <span class='ocrx_word' id='word_1_172' title='bbox 813 2296 864 2338; x_wconf 91' lang='lat' dir='ltr'><strong>et</strong></span> <span class='ocrx_word' id='word_1_173' title='bbox 901 2288 1143 2354; x_wconf 84' lang='lat' dir='ltr'><strong>cogitare.</strong></span> <span class='ocrx_word' id='word_1_174' title='bbox 1222 2288 1325 2337; x_wconf 87' lang='lat' dir='ltr'><strong>Sed</strong></span> <span class='ocrx_word' id='word_1_175' title='bbox 1363 2288 1529 2336; x_wconf 81' lang='lat' dir='ltr'><strong>differt</strong></span> <span class='ocrx_word' id='word_1_176' title='bbox 1564 2288 1733 2353; x_wconf 89' lang='lat' dir='ltr'><strong>Hegel</strong></span> <span class='ocrx_word' id='word_1_177' title='bbox 1771 2305 1802 2336; x_wconf 89' lang='lat' dir='ltr'><strong>a</strong></span> <span class='ocrx_word' id='word_1_178' title='bbox 1839 2287 2099 2352; x_wconf 88' lang='lat' dir='ltr'><strong>Schelling</strong></span> 
     </span>
     <span class='ocr_line' id='line_1_26' title="bbox 129 2368 2100 2435; baseline -0.001 -18"><span class='ocrx_word' id='word_1_179' title='bbox 129 2377 351 2431; x_wconf 82' lang='lat' dir='ltr'><strong>quantum</strong></span> <span class='ocrx_word' id='word_1_180' title='bbox 377 2368 446 2417; x_wconf 80' lang='lat' dir='ltr'><strong>ad</strong></span> <span class='ocrx_word' id='word_1_181' title='bbox 472 2369 695 2430; x_wconf 89' lang='lat' dir='ltr'><strong>modum,</strong></span> <span class='ocrx_word' id='word_1_182' title='bbox 723 2385 828 2435; x_wconf 89' lang='lat' dir='ltr'><strong>quo</strong></span> <span class='ocrx_word' id='word_1_183' title='bbox 852 2386 934 2418; x_wconf 85' lang='lat' dir='ltr'><strong>res</strong></span> <span class='ocrx_word' id='word_1_184' title='bbox 961 2370 1026 2418; x_wconf 84' lang='lat' dir='ltr'><strong>ab</strong></span> <span class='ocrx_word' id='word_1_185' title='bbox 1052 2369 1289 2418; x_wconf 83' lang='lat' dir='ltr'><strong>absoluto</strong></span> <span class='ocrx_word' id='word_1_186' title='bbox 1313 2369 1614 2433; x_wconf 88' lang='lat' dir='ltr'><strong>procedunt.</strong></span> <span class='ocrx_word' id='word_1_187' title='bbox 1655 2369 1810 2433; x_wconf 89' lang='lat' dir='ltr'><strong>Apud</strong></span> <span class='ocrx_word' id='word_1_188' title='bbox 1835 2368 2100 2433; x_wconf 86' lang='lat' dir='ltr'><strong>Schelling</strong></span> 
     </span>
     <span class='ocr_line' id='line_1_27' title="bbox 128 2448 2099 2514; baseline 0.001 -19"><span class='ocrx_word' id='word_1_189' title='bbox 128 2464 198 2496; x_wconf 87' lang='lat' dir='ltr'><strong>res</strong></span> <span class='ocrx_word' id='word_1_190' title='bbox 235 2448 298 2499; x_wconf 87' lang='lat' dir='ltr'><strong>ab</strong></span> <span class='ocrx_word' id='word_1_191' title='bbox 335 2448 575 2498; x_wconf 84' lang='lat' dir='ltr'><strong>absoluto</strong></span> <span class='ocrx_word' id='word_1_192' title='bbox 613 2458 801 2499; x_wconf 88' lang='lat' dir='ltr'><strong>exeunt</strong></span> <span class='ocrx_word' id='word_1_193' title='bbox 839 2449 1136 2498; x_wconf 86' lang='lat' dir='ltr'><strong>differentiis</strong></span> <span class='ocrx_word' id='word_1_194' title='bbox 1175 2464 1312 2498; x_wconf 89' lang='lat' dir='ltr'><strong>mere</strong></span> <span class='ocrx_word' id='word_1_195' title='bbox 1338 2448 1691 2513; x_wconf 82' lang='lat' dir='ltr'><strong>quantitativis,</strong></span> <span class='ocrx_word' id='word_1_196' title='bbox 1732 2456 1979 2514; x_wconf 87' lang='lat' dir='ltr'><strong>quatenus</strong></span> <span class='ocrx_word' id='word_1_197' title='bbox 2004 2449 2099 2496; x_wconf 89' lang='lat' dir='ltr'><strong>ele·</strong></span> 
     </span>
     <span class='ocr_line' id='line_1_28' title="bbox 130 2528 2097 2597; baseline 0 -21"><span class='ocrx_word' id='word_1_198' title='bbox 130 2538 336 2577; x_wconf 87' lang='lat' dir='ltr'><strong>mentum</strong></span> <span class='ocrx_word' id='word_1_199' title='bbox 373 2530 541 2579; x_wconf 84' lang='lat' dir='ltr'><strong>ideale</strong></span> <span class='ocrx_word' id='word_1_200' title='bbox 579 2538 664 2577; x_wconf 86' lang='lat' dir='ltr'><strong>aut</strong></span> <span class='ocrx_word' id='word_1_201' title='bbox 700 2531 836 2579; x_wconf 82' lang='lat' dir='ltr'><strong>reale</strong></span> <span class='ocrx_word' id='word_1_202' title='bbox 873 2530 992 2597; x_wconf 87' lang='lat' dir='ltr'><strong>plus</strong></span> <span class='ocrx_word' id='word_1_203' title='bbox 1030 2538 1113 2579; x_wconf 84' lang='lat' dir='ltr'><strong>aut</strong></span> <span class='ocrx_word' id='word_1_204' title='bbox 1166 2528 1333 2577; x_wconf 90' lang='lat' dir='ltr'><strong>minus</strong></span> <span class='ocrx_word' id='word_1_205' title='bbox 1388 2528 1661 2593; x_wconf 85' lang='lat' dir='ltr'><strong>praevalet.</strong></span> <span class='ocrx_word' id='word_1_206' title='bbox 1737 2529 1892 2595; x_wconf 88' lang='lat' dir='ltr'><strong>Apud</strong></span> <span class='ocrx_word' id='word_1_207' title='bbox 1930 2528 2097 2593; x_wconf 87' lang='lat' dir='ltr'><strong>Hegel</strong></span> 
     </span>
     <span class='ocr_line' id='line_1_29' title="bbox 129 2608 2097 2675; baseline 0.001 -19"><span class='ocrx_word' id='word_1_208' title='bbox 129 2611 400 2659; x_wconf 85' lang='lat' dir='ltr'><strong>absolutum</strong></span> <span class='ocrx_word' id='word_1_209' title='bbox 437 2624 686 2674; x_wconf 86' lang='lat' dir='ltr'><strong>processu</strong></span> <span class='ocrx_word' id='word_1_210' title='bbox 723 2610 992 2659; x_wconf 83' lang='lat' dir='ltr'><strong>dialectico</strong></span> <span class='ocrx_word' id='word_1_211' title='bbox 1031 2608 1407 2675; x_wconf 88' lang='lat' dir='ltr'><strong>complicatiore</strong></span> <span class='ocrx_word' id='word_1_212' title='bbox 1444 2609 1661 2673; x_wconf 89' lang='lat' dir='ltr'><strong>primum</strong></span> <span class='ocrx_word' id='word_1_213' title='bbox 1700 2610 1765 2657; x_wconf 89' lang='lat' dir='ltr'><strong>ad</strong></span> <span class='ocrx_word' id='word_1_214' title='bbox 1816 2609 2097 2673; x_wconf 83' lang='lat' dir='ltr'><strong>categorias</strong></span> 
     </span>
     <span class='ocr_line' id='line_1_30' title="bbox 129 2689 2098 2756; baseline -0.001 -18"><span class='ocrx_word' id='word_1_215' title='bbox 129 2690 438 2756; x_wconf 81' lang='lat' dir='ltr'><strong>ontologicas</strong></span> <span class='ocrx_word' id='word_1_216' title='bbox 463 2706 520 2739; x_wconf 90' lang='lat' dir='ltr'><strong>se</strong></span> <span class='ocrx_word' id='word_1_217' title='bbox 546 2690 749 2751; x_wconf 84' lang='lat' dir='ltr'><strong>evolvit,</strong></span> <span class='ocrx_word' id='word_1_218' title='bbox 788 2691 976 2739; x_wconf 88' lang='lat' dir='ltr'><strong>deinde</strong></span> <span class='ocrx_word' id='word_1_219' title='bbox 1003 2691 1055 2738; x_wconf 92' lang='lat' dir='ltr'><strong>in</strong></span> <span class='ocrx_word' id='word_1_220' title='bbox 1081 2690 1235 2739; x_wconf 90' lang='lat' dir='ltr'><strong>rebus</strong></span> <span class='ocrx_word' id='word_1_221' title='bbox 1261 2689 1605 2739; x_wconf 81' lang='lat' dir='ltr'><strong>materialibus</strong></span> <span class='ocrx_word' id='word_1_222' title='bbox 1631 2698 1855 2755; x_wconf 83' lang='lat' dir='ltr'><strong>apparet,</strong></span> <span class='ocrx_word' id='word_1_223' title='bbox 1898 2690 2098 2738; x_wconf 88' lang='lat' dir='ltr'><strong>tandem</strong></span> 
     </span>
     <span class='ocr_line' id='line_1_31' title="bbox 129 2769 2100 2835; baseline 0 -17"><span class='ocrx_word' id='word_1_224' title='bbox 129 2770 317 2835; x_wconf 83' lang='lat' dir='ltr'><strong>spiritus</strong></span> <span class='ocrx_word' id='word_1_225' title='bbox 372 2770 563 2820; x_wconf 85' lang='lat' dir='ltr'><strong>evadit.</strong></span> <span class='ocrx_word' id='word_1_226' title='bbox 606 2807 618 2820; x_wconf 93' lang='lat'><strong>.</strong></span> <span class='ocrx_word' id='word_1_227' title='bbox 660 2807 672 2820; x_wconf 89' lang='lat'><strong>.</strong></span> <span class='ocrx_word' id='word_1_228' title='bbox 715 2807 727 2819; x_wconf 87' lang='lat'><strong>.</strong></span> <span class='ocrx_word' id='word_1_229' title='bbox 802 2771 868 2819; x_wconf 91' lang='lat' dir='ltr'><strong>Et</strong></span> <span class='ocrx_word' id='word_1_230' title='bbox 919 2771 989 2819; x_wconf 91' lang='lat' dir='ltr'><strong>sic</strong></span> <span class='ocrx_word' id='word_1_231' title='bbox 1040 2771 1331 2820; x_wconf 85' lang='lat' dir='ltr'><strong>evolutione</strong></span> <span class='ocrx_word' id='word_1_232' title='bbox 1381 2770 1647 2835; x_wconf 85' lang='lat' dir='ltr'><strong>irrequieta</strong></span> <span class='ocrx_word' id='word_1_233' title='bbox 1697 2778 1833 2819; x_wconf 89' lang='lat' dir='ltr'><strong>totus</strong></span> <span class='ocrx_word' id='word_1_234' title='bbox 1884 2769 2100 2818; x_wconf 89' lang='lat' dir='ltr'><strong>mundus</strong></span> 
     </span>
     <span class='ocr_line' id='line_1_32' title="bbox 128 2849 2099 2916; baseline -0.002 -16"><span class='ocrx_word' id='word_1_235' title='bbox 128 2860 384 2915; x_wconf 77' lang='lat' dir='ltr'><strong>generatur</strong></span> <span class='ocrx_word' id='word_1_236' title='bbox 420 2858 474 2899; x_wconf 89' lang='lat' dir='ltr'><strong>et</strong></span> <span class='ocrx_word' id='word_1_237' title='bbox 511 2850 718 2900; x_wconf 86' lang='lat' dir='ltr'><strong>tandem</strong></span> <span class='ocrx_word' id='word_1_238' title='bbox 759 2852 824 2899; x_wconf 85' lang='lat' dir='ltr'><strong>ad</strong></span> <span class='ocrx_word' id='word_1_239' title='bbox 861 2850 1094 2916; x_wconf 87' lang='lat' dir='ltr'><strong>spiritum</strong></span> <span class='ocrx_word' id='word_1_240' title='bbox 1131 2850 1421 2915; x_wconf 86' lang='lat' dir='ltr'><strong>pervenitur</strong></span> <span class='ocrx_word' id='word_1_241' title='bbox 1457 2858 1509 2899; x_wconf 89' lang='lat' dir='ltr'><strong>et</strong></span> <span class='ocrx_word' id='word_1_242' title='bbox 1547 2850 1599 2899; x_wconf 89' lang='lat' dir='ltr'><strong>in</strong></span> <span class='ocrx_word' id='word_1_243' title='bbox 1636 2850 1816 2915; x_wconf 88' lang='lat' dir='ltr'><strong>spiritu</strong></span> <span class='ocrx_word' id='word_1_244' title='bbox 1848 2851 1912 2898; x_wconf 89' lang='lat' dir='ltr'><strong>ad</strong></span> <span class='ocrx_word' id='word_1_245' title='bbox 1937 2849 2099 2915; x_wconf 88' lang='lat' dir='ltr'><strong>philo-</strong></span> 
     </span>
     <span class='ocr_line' id='line_1_33' title="bbox 129 2929 2099 2996; baseline -0.002 -17"><span class='ocrx_word' id='word_1_246' title='bbox 129 2931 346 2995; x_wconf 86' lang='lat' dir='ltr'><strong>sophiam</strong></span> <span class='ocrx_word' id='word_1_247' title='bbox 382 2930 665 2996; x_wconf 81' lang='lat' dir='ltr'><strong>perfectam</strong></span> <span class='ocrx_word' id='word_1_248' title='bbox 681 2968 693 2991; x_wconf 93' lang='lat'><strong>,</strong></span> <span class='ocrx_word' id='word_1_249' title='bbox 747 2946 878 2995; x_wconf 87' lang='lat' dir='ltr'><strong>quae</strong></span> <span class='ocrx_word' id='word_1_250' title='bbox 918 2938 1077 2980; x_wconf 87' lang='lat' dir='ltr'><strong>totum</strong></span> <span class='ocrx_word' id='word_1_251' title='bbox 1115 2932 1255 2979; x_wconf 86' lang='lat' dir='ltr'><strong>illum</strong></span> <span class='ocrx_word' id='word_1_252' title='bbox 1292 2946 1585 2995; x_wconf 85' lang='lat' dir='ltr'><strong>processum</strong></span> <span class='ocrx_word' id='word_1_253' title='bbox 1622 2931 1687 2979; x_wconf 82' lang='lat' dir='ltr'><strong>ab</strong></span> <span class='ocrx_word' id='word_1_254' title='bbox 1726 2930 1945 2979; x_wconf 87' lang='lat' dir='ltr'><strong>exordiis</strong></span> <span class='ocrx_word' id='word_1_255' title='bbox 1966 2962 1977 2973; x_wconf 93' lang='lat'><strong>.</strong></span> <span class='ocrx_word' id='word_1_256' title='bbox 1994 2929 2099 2977; x_wconf 88' lang='lat' dir='ltr'><strong>suis</strong></span> 
     </span>
     <span class='ocr_line' id='line_1_34' title="bbox 129 3009 2092 3077; baseline -0.001 -18"><span class='ocrx_word' id='word_1_257' title='bbox 129 3011 388 3061; x_wconf 84' lang='lat' dir='ltr'><strong>clarissime</strong></span> <span class='ocrx_word' id='word_1_258' title='bbox 425 3011 670 3077; x_wconf 88' lang='lat' dir='ltr'><strong>perspicit</strong></span> <span class='ocrx_word' id='word_1_259' title='bbox 706 3020 756 3060; x_wconf 91' lang='lat' dir='ltr'><strong>et</strong></span> <span class='ocrx_word' id='word_1_260' title='bbox 792 3011 868 3060; x_wconf 89' lang='lat' dir='ltr'><strong>sic</strong></span> <span class='ocrx_word' id='word_1_261' title='bbox 899 3027 1100 3061; x_wconf 85' lang='lat' dir='ltr'><strong>omnem</strong></span> <span class='ocrx_word' id='word_1_262' title='bbox 1125 3012 1385 3060; x_wconf 81' lang='lat' dir='ltr'><strong>veritatem</strong></span> <span class='ocrx_word' id='word_1_263' title='bbox 1411 3010 1637 3075; x_wconf 87' lang='lat' dir='ltr'><strong>perfecte</strong></span> <span class='ocrx_word' id='word_1_264' title='bbox 1662 3009 2092 3073; x_wconf 80' lang='lat' dir='ltr'><strong>comprehendit.»</strong></span> 
     </span>
    </p>

    <p class='ocr_par' dir='ltr' id='par_1_13' title="bbox 129 3089 2098 3477">
     <span class='ocr_line' id='line_1_35' title="bbox 237 3089 2098 3156; baseline -0.001 -17"><span class='ocrx_word' id='word_1_265' title='bbox 237 3092 313 3141; x_wconf 83' lang='lat' dir='ltr'><strong>Ita</strong></span> <span class='ocrx_word' id='word_1_266' title='bbox 362 3108 471 3141; x_wconf 91' lang='lat' dir='ltr'><strong>rem</strong></span> <span class='ocrx_word' id='word_1_267' title='bbox 523 3091 759 3156; x_wconf 88' lang='lat' dir='ltr'><strong>exposuit</strong></span> <span class='ocrx_word' id='word_1_268' title='bbox 795 3092 1067 3141; x_wconf 82' lang='lat' dir='ltr'><strong>Hontheim</strong></span> <span class='ocrx_word' id='word_1_269' title='bbox 1104 3091 1138 3140; x_wconf 89' lang='lat' dir='ltr'><strong>l.</strong></span> <span class='ocrx_word' id='word_1_270' title='bbox 1179 3108 1222 3141; x_wconf 94' lang='lat' dir='ltr'><strong>c.</strong></span> <span class='ocrx_word' id='word_1_271' title='bbox 1262 3109 1311 3156; x_wconf 91' lang='lat' dir='ltr'><strong>p.</strong></span> <span class='ocrx_word' id='word_1_272' title='bbox 1352 3100 1633 3151; x_wconf 86' lang='lat'><strong>470—-479</strong></span> <span class='ocrx_word' id='word_1_273' title='bbox 1683 3090 1882 3154; x_wconf 85' lang='lat' dir='ltr'><strong>passim.</strong></span> <span class='ocrx_word' id='word_1_274' title='bbox 1958 3089 2098 3151; x_wconf 88' lang='lat' dir='ltr'><strong>Quas</strong></span> 
     </span>
     <span class='ocr_line' id='line_1_36' title="bbox 129 3169 2097 3235; baseline -0.001 -16"><span class='ocrx_word' id='word_1_275' title='bbox 129 3172 316 3235; x_wconf 90' lang='lat' dir='ltr'><strong>quidem</strong></span> <span class='ocrx_word' id='word_1_276' title='bbox 355 3171 637 3221; x_wconf 84' lang='lat' dir='ltr'><strong>sententias</strong></span> <span class='ocrx_word' id='word_1_277' title='bbox 673 3170 760 3220; x_wconf 91' lang='lat' dir='ltr'><strong>hic</strong></span> <span class='ocrx_word' id='word_1_278' title='bbox 797 3172 1091 3233; x_wconf 88' lang='lat' dir='ltr'><strong>rettulimus,</strong></span> <span class='ocrx_word' id='word_1_279' title='bbox 1138 3188 1242 3221; x_wconf 91' lang='lat' dir='ltr'><strong>non</strong></span> <span class='ocrx_word' id='word_1_280' title='bbox 1280 3180 1335 3220; x_wconf 91' lang='lat' dir='ltr'><strong>ut</strong></span> <span class='ocrx_word' id='word_1_281' title='bbox 1373 3170 1607 3235; x_wconf 90' lang='lat' dir='ltr'><strong>discipuli</strong></span> <span class='ocrx_word' id='word_1_282' title='bbox 1647 3170 1783 3234; x_wconf 85' lang='lat' dir='ltr'><strong>ipsas</strong></span> <span class='ocrx_word' id='word_1_283' title='bbox 1820 3169 2097 3229; x_wconf 85' lang='lat' dir='ltr'><strong>addiscant,</strong></span> 
     </span>
     <span class='ocr_line' id='line_1_37' title="bbox 129 3248 2098 3316; baseline -0.001 -18"><span class='ocrx_word' id='word_1_284' title='bbox 129 3251 218 3301; x_wconf 89' lang='lat' dir='ltr'><strong>hoc</strong></span> <span class='ocrx_word' id='word_1_285' title='bbox 253 3253 388 3301; x_wconf 87' lang='lat' dir='ltr'><strong>enim</strong></span> <span class='ocrx_word' id='word_1_286' title='bbox 427 3259 564 3301; x_wconf 89' lang='lat' dir='ltr'><strong>esset</strong></span> <span class='ocrx_word' id='word_1_287' title='bbox 601 3252 860 3311; x_wconf 80' lang='lat' dir='ltr'><strong>insanum3</strong></span> <span class='ocrx_word' id='word_1_288' title='bbox 901 3252 992 3301; x_wconf 89' lang='lat' dir='ltr'><strong>sed</strong></span> <span class='ocrx_word' id='word_1_289' title='bbox 1029 3259 1086 3300; x_wconf 87' lang='lat' dir='ltr'><strong>ut</strong></span> <span class='ocrx_word' id='word_1_290' title='bbox 1122 3252 1221 3316; x_wconf 90' lang='lat' dir='ltr'><strong>ipsi</strong></span> <span class='ocrx_word' id='word_1_291' title='bbox 1259 3250 1586 3316; x_wconf 84' lang='lat' dir='ltr'><strong>perspiciant,</strong></span> <span class='ocrx_word' id='word_1_292' title='bbox 1626 3257 1845 3314; x_wconf 84' lang='lat' dir='ltr'><strong>quantae</strong></span> <span class='ocrx_word' id='word_1_293' title='bbox 1883 3248 1983 3297; x_wconf 91' lang='lat' dir='ltr'><strong>sint</strong></span> <span class='ocrx_word' id='word_1_294' title='bbox 2017 3248 2098 3296; x_wconf 90' lang='lat' dir='ltr'><strong>de-</strong></span> 
     </span>
     <span class='ocr_line' id='line_1_38' title="bbox 129 3328 2097 3396; baseline -0.001 -18"><span class='ocrx_word' id='word_1_295' title='bbox 129 3331 372 3382; x_wconf 63' lang='lat' dir='ltr'><strong>lirationae</strong></span> <span class='ocrx_word' id='word_1_296' title='bbox 406 3332 635 3381; x_wconf 86' lang='lat' dir='ltr'><strong>virorum</strong></span> <span class='ocrx_word' id='word_1_297' title='bbox 673 3331 875 3381; x_wconf 85' lang='lat' dir='ltr'><strong>illorum</strong></span> <span class='ocrx_word' id='word_1_298' title='bbox 892 3370 904 3393; x_wconf 93' lang='lat'><strong>,</strong></span> <span class='ocrx_word' id='word_1_299' title='bbox 958 3346 1086 3396; x_wconf 89' lang='lat' dir='ltr'><strong>quos</strong></span> <span class='ocrx_word' id='word_1_300' title='bbox 1124 3340 1226 3380; x_wconf 86' lang='lat' dir='ltr'><strong>tam</strong></span> <span class='ocrx_word' id='word_1_301' title='bbox 1280 3330 1498 3394; x_wconf 87' lang='lat' dir='ltr'><strong>superbe</strong></span> <span class='ocrx_word' id='word_1_302' title='bbox 1550 3328 1799 3378; x_wconf 87' lang='lat' dir='ltr'><strong>extollunt</strong></span> <span class='ocrx_word' id='word_1_303' title='bbox 1850 3336 2097 3377; x_wconf 82' lang='lat' dir='ltr'><strong>nostrates</strong></span> 
     </span>
     <span class='ocr_line' id='line_1_39' title="bbox 132 3411 701 3477; baseline 0.004 -17"><span class='ocrx_word' id='word_1_304' title='bbox 132 3413 350 3462; x_wconf 88' lang='lat' dir='ltr'><strong>nonnulli</strong></span> <span class='ocrx_word' id='word_1_305' title='bbox 386 3411 701 3477; x_wconf 84' lang='lat' dir='ltr'><strong>philosophi.</strong></span> 
     </span>
    </p>
   </div>
   <div class='ocr_carea' id='block_1_13' title="bbox 1882 3756 1999 3820">
    <p class='ocr_par' dir='ltr' id='par_1_14' title="bbox 1882 3756 1999 3820">
     <span class='ocr_line' id='line_1_40' title="bbox 1882 3756 1999 3820; baseline 0 0"><span class='ocrx_word' id='word_1_306' title='bbox 1882 3756 1999 3820; x_wconf 64' lang='lat'><strong>421²</strong></span> 
     </span>
    </p>
   </div>
  </div>
 </body>
</html>
