2367 3850
270 204 367 256 152
688 203 1202 249 ANTHROPOLOGIA.
1267 203 1402 239 PARS
1443 201 1827 240 SYNTHETICA.

262 360 448 410 tamen
487 353 669 410 variis
710 351 1110 410 condicionibus
1148 351 1300 409 vitae
1343 350 1626 408 humanae
1670 351 1962 408 evidenter
2001 351 2252 425 impossi-

260 442 387 499 bilis
426 448 681 517 apparet.

380 528 636 600 Etenim,
681 547 817 587 cum
858 529 1057 586 anima
1100 548 1137 586 a
1164 529 1300 588 Deo
1343 537 1544 587 creata
1585 527 1658 587 sit
1687 524 1764 604 (p.
1805 523 1963 602 131),
2017 537 2255 586 certum

262 630 350 678 est
401 619 624 676 nullam
680 629 1011 677 creaturam
1066 617 1361 693 impedire
1415 636 1594 692 posse
1611 663 1624 690 ‚
1684 618 2010 692 quominus
2067 619 2254 686 Deua

261 707 307 766 si
350 708 500 778 vult,
558 708 821 765 animam
861 708 923 765 in
965 725 1094 765 esse
1136 717 1470 776 conservet,
1521 707 1826 765 creatione
1873 706 2254 764 continuata.

263 797 447 870 Quod
486 794 749 870 sequitur
790 815 863 854 ex
902 795 1130 853 infinita
1158 796 1276 854 Dei
1304 796 1572 871 potentia
1613 805 1672 854 et
1711 813 1784 854 ex
1825 794 2256 870 dependentia

263 885 459 944 omnis
500 896 807 944 creaturae
849 886 927 942 ab
970 883 1116 960 ipso,

382 973 786 1033 Concedimus
826 991 970 1032 vero
1011 973 1283 1048 potentia
1325 974 1440 1031 Dei
1481 973 1756 1041 absoluta,
1801 972 1836 1031 i.
1869 991 1920 1031 e.
1971 972 2255 1031 conside-

262 1073 386 1120 rata
430 1062 748 1139 separatim
790 1063 866 1120 ab
916 1061 1192 1120 omnibus
1234 1062 1362 1120 aliis
1416 1061 1540 1120 eius
1597 1061 1884 1120 attributis
1902 1108 1915 1132 ,
1979 1061 2255 1120 animam

259 1153 580 1210 humanam
623 1151 939 1210 annihilari
981 1169 1175 1226 posse.
1235 1154 1305 1209 In
1349 1151 1547 1209 anima
1588 1152 1750 1209 enim
1781 1152 2054 1208 humana
2082 1161 2254 1208 onto·

260 1241 453 1316 logice
495 1251 760 1316 spectata
791 1236 847 1316 (i.
880 1258 933 1299 e.
978 1241 1272 1299 abstracte
1314 1259 1350 1297 a
1377 1241 1554 1298 variis
1597 1239 2066 1298 condicionibus
2093 1240 2254 1298 vitae

262 1325 437 1404 eius),
496 1347 631 1388 cum
674 1330 747 1389 sit
801 1349 836 1388 a
878 1331 1013 1388 Deo
1069 1329 1132 1387 in
1174 1346 1282 1387 suo
1329 1347 1458 1388 esse
1514 1328 1893 1403 dependenS,
1951 1329 2128 1387 nulla
2171 1327 2254 1386 in-

261 1417 492 1477 venitur
534 1417 927 1493 repugnantia
968 1417 1045 1475 ad
1090 1437 1214 1476 non
1257 1417 1674 1477 exsistendum.
1761 1417 1944 1492 Atqui
1991 1419 2254 1476 Creator

262 1506 643 1582 omnipotens
703 1505 971 1582 potentia
1029 1525 1135 1564 sua
1204 1507 1474 1565 absoluta
1543 1506 1742 1565 facere
1802 1517 1999 1582 potest
2073 1526 2255 1582 quae-

258 1614 519 1671 cumque
561 1595 903 1671 ontologice
945 1613 1068 1654 non
1113 1603 1464 1671 repugnant.

382 1685 503 1743 Sed
560 1703 635 1742 ex
693 1684 961 1760 potentia
1015 1685 1133 1743 Dei
1192 1685 1527 1753 ordinaria,
1588 1684 1623 1742 i.
1669 1703 1721 1743 e.
1780 1696 2055 1760 spectata
2107 1704 2244 1744 cum

261 1772 389 1830 aliis
424 1773 718 1832 attributis
760 1771 975 1832 divinis
1016 1783 1075 1830 et
1115 1773 1177 1831 in
1222 1771 1434 1844 ordine
1473 1773 1548 1831 ad
1585 1774 1752 1849 leges
1779 1775 1856 1831 ab
1884 1773 2020 1848 ipso
2052 1774 2244 1832 libere

261 1862 566 1937 praefian‚
624 1862 751 1920 fieri
792 1879 917 1920 non
959 1871 1185 1937 potest,
1241 1871 1306 1918 ut
1346 1862 1468 1918 ulla
1506 1880 1791 1939 umquam
1832 1861 2036 1920 anima
2081 1862 2246 1920 anni·

260 1951 489 2010 hiletur.
576 1943 759 2024 Quod
805 1951 1049 2026 quidem
1092 1961 1353 2010 constat:

388 2060 435 2097 1.
481 2040 587 2097 Ex
626 2058 887 2098 consensu
927 2041 1173 2098 omnium
1201 2041 1564 2116 populorum,
1608 2040 1685 2099 de
1729 2059 1850 2116 quo
1879 2059 2062 2117 supra
2099 2041 2245 2100 dixi-

263 2148 409 2201 mus,
452 2128 554 2187 ubi
596 2130 673 2188 de
715 2128 1119 2204 spiritualitate
1164 2129 1400 2187 animae
1443 2146 1640 2187 sermo
1682 2140 1808 2210 erat
1843 2125 1922 2206 (p.
1962 2147 2070 2203 107
2107 2125 2242 2207 sq.).

388 2238 437 2276 2.
482 2218 587 2275 Ex
626 2219 863 2276 diversis
902 2219 1027 2275 Dei
1071 2218 1365 2276 Creatoris
1407 2220 1695 2276 attributis
1717 2219 1732 2250 ¹
1749 2241 1768 2277 :

382 2302 439 2381 a)
483 2308 573 2365 Ex
611 2308 892 2382 sapientia
933 2306 1152 2365 divina.
1213 2306 1274 2365 Si
1316 2306 1534 2379 anima,
1578 2306 1862 2365 dissoluto
1901 2308 2246 2383 composito

260 2398 552 2467 humano,
608 2414 734 2453 non
776 2404 1113 2454 remaneret
1155 2404 1478 2471 superstes,
1524 2397 1690 2455 Deus
1730 2397 1843 2471 ipsi
1885 2396 2101 2455 frustra
2139 2397 2246 2455 de·

262 2485 443 2543 disset
483 2484 985 2543 immortalitatem
1027 2486 1102 2543 ab
1145 2484 1487 2544 intrinseco,
1949 2478 1954 2484 ’

384 2573 503 2632 Sed
547 2575 711 2631 Deus
753 2572 899 2631 nihil
941 2573 1081 2631 facit
1121 2573 1250 2633 sine
1293 2573 1522 2633 ratione
1565 2574 1896 2633 sufficienti.

2351 457 2356 484 Ι

390 2734 406 2766 ¹
444 2737 520 2785 Ex
557 2736 643 2797 iis,
698 2753 827 2801 quae
865 2738 994 2785 circa
1032 2718 1366 2786 exsistentiam
1405 2738 1642 2785 creatoris
1679 2738 1869 2787 mundi.
1893 2735 2084 2786 infinite
2124 2752 2241 2801 per·

264 2816 381 2865 fecti
434 2816 486 2863 in
540 2816 845 2881 cosmologia
885 2814 1010 2879 (vol.
1049 2818 1102 2876 1,
1144 2818 1247 2877 408
1286 2827 1337 2865 et
1375 2814 1506 2880 409)
1547 2817 1936 2877 deelaravimus,
1989 2817 2087 2865 iam
2124 2817 2243 2866 licet

262 2896 451 2960 optima
489 2897 570 2945 via
608 2906 658 2945 et
694 2897 890 2946 ratione
928 2897 1007 2945 his
1045 2898 1145 2946 Dei
1182 2897 1432 2946 attributis
1468 2897 1612 2945 inniti
1657 2898 1721 2945 ad
1764 2898 2239 2962 argumentandum.

264 2976 539 3025 Perfectior
565 2986 747 3033 tamen.
788 2985 964 3041 utpote
990 2978 1151 3042 magis
1174 2978 1377 3039 reflexa,
1417 2978 1544 3027 haec
1571 2978 1941 3043 argumentatio
1967 2978 2154 3027 evadet
2179 2994 2238 3027 ex

263 3056 335 3117 iis,
375 3073 503 3121 quae
542 3057 593 3104 in
632 3057 888 3121 theologia
927 3058 1141 3106 naturali
1180 3059 1314 3107 circa
1339 3058 1438 3107 Dei
1470 3067 1698 3107 naturam
1723 3074 1892 3109 sumus
1919 3058 2234 3107 declaratur-i.

264 3136 470 3185 Interim
510 3146 674 3185 tamen
712 3137 878 3185 Deum
896 3176 907 3198 ,
962 3139 1151 3203 infinite
1184 3140 1488 3203 perfidum,
1542 3155 1717 3188 revera
1753 3138 1993 3187 exsistere
2011 3176 2024 3200 ,
2077 3138 2235 3203 philo-

263 3216 472 3281 sophice
523 3218 617 3264 iam
670 3226 980 3282 compertum
1030 3218 1304 3279 habemus,
1359 3235 1472 3267 cum
1524 3218 1904 3283 probaverimus
1959 3228 2233 3267 creatorem

264 3297 435 3344 mundi
473 3312 582 3345 esse
619 3314 651 3344 a
686 3313 735 3345 se
772 3294 897 3359 (vol.
937 3298 991 3356 Ι,
1031 3314 1080 3361 p.
1122 3297 1286 3362 409),
1331 3314 1496 3363 neque
1533 3299 1690 3348 ullum
1727 3313 1818 3347 ens
1853 3296 2050 3347 finitum
2087 3314 2234 3363 posse

264 3390 373 3421 esse
412 3390 441 3419 a
478 3389 531 3421 se
572 3372 717 3435 (ibid.
756 3392 805 3437 p.
846 3373 994 3437 408).
