2367 3850
311 217 415 267 244
939 216 1273 254 ἸῊΕΟΙ.061Α
1312 215 1651 254 NATURALIS.

305 365 460 424 ditus
476 411 490 436 ,
555 365 718 424 cuius
772 364 1073 424 obiectum
1116 374 1208 423 est
1246 365 1577 423 universale
1620 382 1830 422 verum
1859 365 1891 433 ¹,
1952 363 2245 422 bonitatem

304 453 568 512 divinam
624 453 920 512 obiective
979 463 1418 529 repraesentet,
1475 464 1745 529 oportet,
1801 463 1866 511 ut
1907 454 2095 511 Deum
2142 453 2247 509 ulti-

307 543 512 602 matim
551 553 615 602 ut
655 544 912 619 primam
951 542 1262 602 veritatem
1302 553 1364 602 et
1398 560 1691 601 summum
1718 543 1945 601 bonum
1976 551 2243 617 agnoscat.

306 633 404 691 Sic
463 651 674 692 omnes
732 632 1008 692 homines
1075 632 1389 691 ultimatim
1447 634 1644 690 Deum
1713 632 2072 707 glorificant:
2136 631 2243 688 iusti

303 721 606 797 agnitione
636 721 995 794 voluntariaz,
1036 721 1322 793 damnati,
1355 720 1660 796 agnitione
1689 729 1919 792 coacta,
1951 720 2242 779 secundum

304 812 478 872 illud:
530 813 909 872 «Daemones
951 810 1206 870 credunt
1234 821 1294 870 et
1320 809 1817 870 contremiscunt»
1854 804 1995 886 (Iac,
2029 829 2077 881 2,
2110 806 2191 885 19)
2210 811 2241 866 ².

499 977 536 1046 ξ
571 996 622 1042 4.
681 982 768 1030 De
802 981 1123 1046 praecipuis
1159 981 1465 1031 voluntatis
1503 980 1726 1031 divinae
1763 980 2077 1030 virtutibus.

423 1105 518 1164 De
559 1104 868 1162 virtutibus
910 1103 1125 1161 divinis
1166 1103 1318 1160 haec
1358 1102 1619 1162 breviter
1660 1112 1795 1161 sunt
1834 1102 2205 1161 declaranda:

421 1221 466 1278 I.
513 1229 599 1278 De
638 1227 963 1277 exsistentia
998 1226 1265 1276 virtutum
1303 1227 1361 1276 in
1401 1229 1546 1276 Deo.
1615 1219 1875 1276 Virtutes
1892 1264 1906 1289 ,
1969 1236 2099 1275 cum
2150 1216 2247 1274 sint

299 1306 718 1384 perfectioneS,
749 1306 886 1365 Deo
915 1306 1269 1364 tribuendae
1291 1316 1441 1377 sunt,
1472 1305 1553 1364 ita
1580 1316 1797 1378 tamen,
1829 1317 1892 1364 ut
1918 1305 2085 1379 aliae,
2112 1323 2249 1382 quae

299 1399 522 1456 nullam
544 1395 769 1455 scilicet
789 1395 1097 1453 involvunt
1124 1394 1664 1470 imperfectionem,
1696 1395 2021 1453 formaliter
2049 1407 2103 1454 et
2127 1395 2249 1453 emi-

298 1497 529 1557 nenter,
561 1485 712 1543 aliae
733 1483 1055 1543 virtualiter
1075 1495 1301 1542 tantum
1323 1494 1382 1542 et
1400 1483 1733 1542 eminenter
1750 1482 1862 1560 ipsi
1882 1484 2190 1542 tribuantur
2212 1485 2249 1542 ⁸.

419 1573 840 1633 Recolendum
877 1583 1205 1650 praeterea,
1249 1573 1691 1632 distinctionem
1719 1573 1881 1630 illam
1910 1573 2251 1631 diversarum

298 1664 574 1723 virtutum
627 1682 753 1722 non
809 1681 940 1722 esse
995 1664 1221 1721 realem
1273 1663 1336 1721 in
1377 1666 1545 1734 De0‚
1602 1661 1711 1722 sed
1764 1681 1895 1721 esse
1944 1672 2155 1720 tantum
2192 1663 2255 1720 in
2347 1731 2348 1742 ἶ

299 1762 498 1812 mente
540 1762 744 1810 nostra
785 1751 1280 1828 simplicissimam
1322 1753 1437 1810 Dei
1478 1753 1912 1828 perfectionem
1961 1771 2081 1811 uno
2129 1769 2257 1809 con·

300 1852 476 1918 ceptu
521 1841 853 1917 exprimere
897 1861 1023 1900 non
1065 1842 1303 1900 valente
1328 1843 1365 1900 ⁴.

418 1962 492 2019 II.
539 1972 625 2021 De
664 1970 902 2019 diversis
924 1971 1225 2021 virtutibus
1251 1971 1562 2033 speciatim.
1611 1962 1996 2037 Praecipuae,
2028 1981 2173 2037 quae
2198 1964 2254 2019 in

296 2050 600 2108 voluntate
642 2050 761 2110 Dei
784 2050 1186 2109 ¹inveniuntur
1227 2050 1469 2109 virtutes
1510 2050 1624 2109 hae
1666 2061 1831 2109 sunt:

422 2177 470 2215 1.
516 2156 817 2225 Sanctitas,
851 2174 1006 2232 quae
1027 2168 1116 2215 est
1135 2157 1525 2215 conformitas
1544 2158 1861 2215 voluntatis
1881 2157 2115 2216 divinae
2135 2176 2259 2215 cum
2344 2226 2346 2231 A

297 2248 499 2319 regula
540 2246 907 2305 rectitudinis
945 2257 1242 2305 aeternae.
1301 2248 1511 2305 Talem
1543 2246 2024 2306 conformitatem
2052 2264 2177 2305 esse
2201 2246 2258 2303 in
2344 2250 2346 2311 ζ

296 2334 498 2393 divina
525 2336 825 2393 voluntate
856 2336 1049 2394 elucet
1079 2353 1153 2394 ex
1181 2353 1274 2406 e0‚
1320 2336 1486 2410 quod
1516 2338 1711 2394 Deum
1742 2335 1961 2393 scimus
1988 2354 2052 2395 se
2079 2335 2257 2411 ipsum
2344 2320 2346 2418 Ι

295 2442 494 2482 amare
537 2424 768 2483 ratione
812 2423 916 2496 sui,
962 2424 1192 2498 reliqua
1220 2442 1364 2482 vero
1404 2424 1623 2496 omnia,
1668 2434 1918 2499 propter
1960 2443 2023 2483 se
2061 2424 2256 2501 ipsum.

415 2515 492 2570 Et
532 2513 632 2570 illa
675 2512 918 2586 quidem
962 2523 1050 2572 est
1091 2513 1373 2571 sanctitas
1415 2513 1530 2572 Dei
1559 2514 1857 2589 formalis.
1944 2514 2067 2572 Sed
2106 2515 2259 2572 Deus

292 2621 417 2660 non
447 2612 671 2659 tantum
702 2602 914 2661 dicitur
943 2604 1272 2661 formaliter
1300 2621 1429 2662 esse
1456 2612 1709 2674 sanctuS,
1740 2604 1849 2661 sed
1878 2603 2058 2661 etiam
2079 2619 2259 2661 exem-

293 2690 535 2766 plariter
575 2701 635 2749 et
674 2691 995 2750 virtualiter
1035 2693 1130 2751 vel
1174 2693 1502 2751 causaliter.
2342 2680 2344 2691 ¹

415 2780 867 2855 Exemplariter,
912 2792 1205 2856 quatenus
1246 2792 1335 2839 est
1376 2782 1584 2857 regula
1623 2792 1685 2840 et
1723 2781 2037 2856 exemplar
2078 2779 2257 2839 omnis
2342 2746 2345 2942 Ι

291 2868 614 2928 sanctitatis
644 2879 914 2943 creatae3
956 2871 1286 2928 secundum
1316 2870 1463 2928 illud
1493 2871 1739 2936 Domini
1766 2870 1989 2928 nostri:
2012 2871 2257 2928 ·«Est0te

292 2976 436 3033 ergo
453 2977 559 3017 vos
587 2958 858 3034 perfecti,
881 2959 1030 3017 sicut
1051 2970 1112 3017 et
1131 2961 1305 3018 Pater
1320 2969 1517 3018 vester
1535 2960 1804 3018 caelestis
1822 2959 2126 3035 perfectus
2144 2967 2250 3017 est»

292 3043 523 3121 (Matth.
559 3063 612 3123 5,
643 3043 760 3123 48).
818 3049 1153 3106 Virtualiter
1178 3050 1275 3107 vel
1302 3050 1624 3117 causaliter,
1669 3059 1963 3123 quatenus
1990 3048 2255 3106 sanctitas

291 3138 405 3195 Dei
448 3148 535 3196 est
577 3156 755 3196 causa
795 3137 988 3196 omnis
1031 3137 1357 3196 sanctitatis
1399 3147 1459 3196 et
1500 3136 1768 3214 puritatis
1812 3137 1873 3194 in
1916 3138 2209 3195 creaturis.

416 3320 430 3351 ¹
469 3324 546 3370 Cf.
587 3339 738 3385 supra
774 3340 825 3387 p.
870 3333 949 3385 59.
1098 3320 1120 3352 2
1157 3323 1235 3371 Cf.
1276 3324 1499 3373 Boedder
1535 3325 1566 3373 l.
1606 3340 1651 3373 c.
1691 3340 1740 3387 p.
1784 3334 1889 3385 337
1930 3332 1983 3372 et
2022 3324 2138 3386 338.

411 3398 432 3428 ³
469 3399 546 3446 Cf.
586 3416 737 3461 supra
774 3416 823 3461 p.
871 3410 964 3461 195
1006 3410 1056 3449 et
1100 3403 1214 3461 196.
1364 3401 1386 3431 4
1425 3403 1503 3452 Cf.
1544 3420 1694 3467 supra
1732 3421 1780 3467 p.
1825 3416 1930 3463 209
1970 3419 2080 3467 sqq.
