2367 3850
752 223 1023 262 marmus
1065 223 1141 263 ET
1180 222 1328 260 vrru
1369 220 1570 260 Νοτιο.
2061 213 2159 268 305

128 374 395 433 habilem.
502 377 684 432 Tunc
746 383 947 432 autem
1009 371 1302 448 generice
1365 369 1528 428 idem
1591 378 1680 428 est
1749 385 1820 426 ac
1881 365 2160 424 iudicium

130 483 371 536 verum,
419 465 659 536 falsum,
708 472 957 534 certum,
1005 461 1350 537 probabile.

132 649 144 660 ·
250 565 340 620 II.
384 561 748 636 Aliquando
804 560 1057 618 sumitur
1105 577 1222 635 pro
1265 560 1386 634 ipso
1444 555 1723 614 intellectu
1781 551 2164 610 considerato

128 670 190 707 m
236 670 355 710 suo
412 660 574 732 statu
630 650 893 710 relative·
938 649 1021 707 ad
1063 647 1382 707 veritatem
1402 692 1415 716 ,
1479 654 1544 702 ut
1599 662 1737 701 cum
1779 641 2060 700 dividitur
2101 638 2164 695 in

130 741 586 799 conscientiam
630 751 880 810 certam,
924 738 1181 806 dubiam,
1228 734 1609 812 probabilem
1639 733 1674 790 ¹.

253 841 367 897 III.
426 838 917 912 Nonnumquam
974 833 1250 910 denique
1294 830 1510 892 divisio
1553 833 1616 888 fit
1673 847 1746 888 ex
1787 835 1958 904 parte
2000 825 2166 882 intel-

128 929 326 986 lectus
356 925 737 986 considerati
767 925 1105 984 formaliter
1135 942 1259 980 cum
1286 941 1390 980 suo
1416 921 1636 988 habita,
1665 919 1831 976 bono
1861 916 1956 974 vel
1983 913 2162 980 male,

130 1017 474 1074 inclinante
535 1017 620 1075 ad
676 1013 903 1073 iudicia
960 1012 1239 1090 practica
1296 1008 1567 1069 ferenda.
1655 1008 1797 1064 Hoc
1851 1022 2029 1063 sensu
2083 1000 2167 1058 di·

130 1105 361 1181 stingui
404 1106 567 1164 solet
611 1103 995 1163 conscientia
1038 1112 1271 1172 tenera,
1316 1100 1469 1169 laxa,
1516 1095 1880 1170 scrupulosa.

258 1195 383 1253 Sed
424 1195 654 1252 horum
684 1192 958 1250 omnium
988 1191 1338 1249 uberiorem
1371 1183 1858 1261 explanationem
1886 1177 2164 1238 traditam

74 1330 85 1342 .
130 1283 412 1342 invenies
458 1283 631 1358 apud
676 1282 863 1340 Marc
900 1281 939 1340 1.
987 1300 1040 1338 c.
1086 1297 1146 1337 n.
1203 1293 1270 1353 15
1303 1294 1440 1351 sqq.

995 1481 1208 1524 CAPUT
1250 1479 1334 1520 111.

584 1602 701 1658 DE
746 1595 1268 1656 VIRTUTIBUS
1311 1594 1422 1650 ET
1464 1588 1730 1647 VITIIS.

956 1747 1296 1794 ARTlctJLUS
1337 1754 1373 1791 1.

671 1861 1013 1913 VIRTUTIS
1054 1858 1146 1907 ET
1188 1855 1363 1905 V1T11
1403 1851 1648 1902 NOTIO.

259 1995 307 2052 I.
371 2002 575 2051 Virtus
637 1997 729 2047 est
797 1985 1064 2043 «habitus
1113 1978 1414 2057 perficiens
1469 1972 1808 2033 rationalem
1848 1966 2160 2045 potentiam

129 2090 187 2139 et
226 2084 524 2141 inclinans
566 2079 656 2137 ad
690 2078 937 2134 bonum»
969 2074 1007 2129 ².
1096 2068 1364 2129 Dicitur:

256 2180 514 2248 habitus,
561 2178 599 2237 i.
648 2195 703 2235 e.
752 2171 1011 2249 qualitas
1054 2166 1358 2244 quaedam
1402 2159 1628 2219 stabilis
1651 2158 1690 2217 ⁸.

242 2270 563 2346 perficiens
595 2263 924 2341 potentiam
942 2282 961 2319 .·
1022 2258 1207 2315 virtus
1249 2252 1412 2311 enim
1455 2248 1773 2307 immediate
1813 2260 1936 2301 non
1978 2239 2160 2298 afficit

128 2358 556 2429 substantiam,
602 2353 715 2413 sed
747 2349 1103 2428 potentiam,
1150 2353 1211 2403 et
1253 2339 1512 2417 proinde
1553 2346 1716 2395 recte
1758 2331 1973 2391 dicitur
1999 2327 2158 2386 habi-

128 2460 223 2507 tus
265 2448 627 2524 operativus.

257 2535 638 2602 rationalem,
684 2531 721 2589 i.
764 2548 817 2588 e.
863 2536 1131 2585 mentem
1174 2522 1270 2578 vel
1314 2518 1696 2583 voluntatem,
1741 2519 1804 2567 ut
1843 2508 2156 2582 distingua-

124 2640 227 2685 tur
284 2626 479 2685 virtus
541 2624 623 2681 ab
680 2617 989 2677 habitibus
1050 2606 1374 2687 operativis
1429 2601 1735 2678 improprie
1788 2596 1958 2655 dictis
1976 2642 1989 2666 ,
2052 2594 2152 2670 qui

125 2718 319 2774 etiam
364 2714 430 2771 in
474 2708 771 2789 potentiis
800 2702 1096 2765 sensitivis
1124 2709 1188 2758 et
1216 2692 1472 2773 proinde
1502 2692 1564 2749 in
1593 2687 1942 2748 animalibus
1971 2685 2154 2745 brutis

5 2814 30 2833 ⁸
127 2822 269 2863 esse
314 2810 594 2883 possunt.

264 3015 281 3045 ¹
340 3012 652 3063 Recolenda
718 3021 851 3073 quae
917 3006 970 3053 in
1024 2996 1309 3064 disciplinis
1362 2993 1542 3058 logicis
1594 2991 1728 3040 circa
1779 2988 2142 3051 certitudinem,

126 3097 374 3155 dubium,
415 3094 725 3159 opinionem
765 3086 1023 3136 declarata
1062 3088 1196 3139 sunt,
1237 3076 1336 3125 vol.
1378 3074 1417 3135 Ι,
1466 3074 1578 3133 169.
1627 3070 1739 3131 176.
1789 3079 1900 3131 177.

260 3175 283 3207 ²
323 3178 551 3233 Suarez,
606 3172 692 3221 De
746 3184 881 3233 pass,
922 3173 973 3213 et
1012 3162 1130 3211 hab.
1172 3159 1304 3221 disp.
1348 3168 1408 3217 3,
1463 3161 1582 3201 sect.
1631 3163 1685 3211 1,
1741 3146 1775 3214 ἓ
1819 3162 1860 3199 1.
1926 3149 2003 3198 Cf.
2043 3153 2143 3203 vol,

126 3260 151 3306 I
216 3257 289 3305 28
334 3293 346 3305 .

157 3296 169 3319 ,
261 3266 525 3385 'SRecole
566 3349 643 3392 ea,
686 3342 819 3393 quae
856 3326 907 3373 in
946 3319 1214 3383 ontologia
1247 3317 1312 3365 de
1339 3313 1602 3363 accidente
1627 3310 1882 3375 qualitatis
1909 3311 2140 3378 diximus,

125 3418 236 3467 vol.
278 3417 320 3476 Ι,
368 3416 469 3464 281
515 3429 633 3477 sqq.

246 3506 653 3553 Reinstadler,
686 3502 827 3541 Elem.
858 3495 1019 3547 philos.
1052 3492 1186 3532 schol.
1237 3488 1292 3527 11.
1751 3490 1818 3523 20
