2367 3850
302 235 368 288 50
739 235 1235 273 ANTHROPOLOGIA.
1304 235 1440 271 PARS
1482 234 1825 272 ANALYTICA.

297 384 650 454 divisibiles,
707 383 787 441 ita
837 393 897 442 et
947 384 1183 442 animae
1226 401 1459 454 eorum,
1518 383 1627 441 etsi
1668 400 1821 440 unae
1866 391 1925 440 et
1968 379 2258 448 indivisae,

299 473 680 548 corruptione
735 471 1078 530 dividuntur
1129 472 1191 530 in
1235 490 1445 531 ornnes
1500 473 1752 542 formaS,
1805 489 1961 546 quae
2018 470 2083 527 in
2138 468 2261 544 ipsis

299 562 675 622 inveniuntur
716 579 842 620 non
885 571 1037 633 actu,
1083 562 1191 620 sed
1232 561 1517 637 potentia.
1584 560 1835 618 «Anima
1882 558 2261 635 vegetativam,

299 652 380 710 ait
407 651 773 720 AristoteleS,
811 668 964 708 «una
994 661 1083 709 est
1110 661 1264 722 actu,
1295 650 1403 709 sed
1431 650 1737 725 multiplex
1764 648 2051 725 potentia.
2113 648 2263 705 Idem

299 740 622 800 dicendum
665 751 754 799 est
793 740 870 798 de
913 740 1215 816 principio
1256 739 1592 799 sensitivo.»

421 832 497 888 Et
555 829 654 888 illa
717 830 963 904 quidem
1024 831 1100 888 de
1149 832 1427 906 proxima
1487 828 1946 903 uniuscuiusque
2010 828 2265 886 animalis

299 919 530 996 origine
587 929 720 977 sunt
770 918 947 977 dicta.
1034 921 1127 977 De
1159 921 1358 994 prima
1398 935 1543 976 vero
1584 917 1741 976 vitae
1792 917 1915 976 sive
1958 916 2262 976 sensitivae

299 1010 422 1068 sive
475 1007 845 1084 vegetativae
904 1007 1136 1084 origine
1194 1026 1321 1066 non
1374 1007 1787 1083 philosophia,
1846 1007 1951 1066 sed
1994 1006 2265 1065 scientiae

299 1099 612 1157 inferiores
652 1097 897 1173 proprie
927 1098 1240 1156 disserunt.
1298 1097 1473 1171 Quae
1506 1096 1627 1155 iam
1652 1096 1868 1155 nostris
1909 1096 2264 1172 temporibus

301 1188 364 1246 in
415 1188 534 1247 hoc
591 1187 987 1258 conveniunt,
1045 1197 1108 1245 ut
1162 1186 1225 1244 in
1266 1185 1423 1246 vitae
1465 1186 1866 1262 productione
1922 1186 2267 1262 explicanda

300 1277 752 1352 generationem
780 1295 1022 1335 omnem
1051 1278 1406 1352 aequivocam
1428 1270 1507 1351 (p.
1538 1275 1651 1348 18),
1682 1286 1741 1334 et
1768 1275 1830 1332 in
1861 1275 2264 1334 efformatione

299 1367 667 1426 diversarum
727 1366 1061 1442 specierum
1124 1365 1490 1424 declaranda
1544 1365 1837 1424 theoriam
1899 1383 2081 1440 quam
2146 1364 2267 1421 «de-

301 1456 719 1515 scendentiae»
769 1465 988 1514 vocant
1030 1454 1279 1514 omnino
1323 1454 1572 1514 reiciant
1598 1457 1628 1513 ¹.

1113 1625 1331 1682 CAPUT
1374 1641 1457 1682 111.

479 1739 713 1813 QUAE
757 1739 871 1796 DE
913 1738 1269 1809 HOMINE,
1316 1739 1431 1798 UT
1473 1739 1625 1797 EST
1666 1738 2083 1807 SENTIENS,

583 1827 1042 1886 COMPERTA
1085 1827 1320 1898 SUNT,
1366 1829 1522 1886 IAM
1562 1828 1985 1885 BREVITER

961 1916 1613 1977 DECLARANTUR.

1082 2043 1414 2091 Annoums
1455 2054 1491 2091 1.

567 2147 662 2195 DE
700 2147 1233 2196 FACULTATIBUS
1272 2146 1653 2196 SENSITIVIS
1692 2147 2014 2196 HOMINIS.

692 2266 727 2333 ἓ
772 2283 814 2319 1.
879 2272 1150 2320 Diversae
1188 2270 1483 2320 facultates
1521 2270 1887 2321 declarantur.

424 2384 574 2441 Tres
617 2393 750 2441 sunt
790 2383 852 2440 in
893 2385 1137 2443 homine
1181 2386 1489 2444 facultates
1531 2385 1860 2444 sensitivae.

426 2474 470 2529 Ι.
527 2473 800 2529 Facultas
841 2476 1107 2532 sensitiva
1155 2484 1436 2546 cognitiva
1451 2519 1465 2543 ‚
1520 2494 1664 2549 quae
1716 2482 1831 2532 est:
1873 2474 2136 2548 facultas
2188 2490 2274 2529 res

306 2562 627 2619 materiales
679 2569 734 2619 et
785 2562 1013 2635 singula
1022 2581 1106 2620 res
1151 2564 1636 2639 apprehendendi,
1693 2564 1862 2621 vitali
1910 2563 2154 2639 quadam
2194 2579 2273 2617 re·

295 2652 760 2727 praesentatione
800 2653 862 2708 in
904 2652 1098 2709 idoneo
1139 2670 1356 2725 organo
1386 2653 1685 2728 producta.

429 2740 622 2797 Huius
665 2740 957 2798 facultatis
998 2740 1223 2816 duplex
1264 2740 1495 2815 species
1536 2740 1940 2816 distinguitur:

434 2849 481 2887 1.
526 2829 733 2886 Sensus
774 2830 1026 2898 externi,
1087 2830 1189 2904 qui
1234 2839 1393 2887 sunt:
1454 2830 1759 2888 facultates
1814 2847 1909 2887 res
1951 2828 2275 2887 materiales

308 2927 366 2975 et
409 2918 734 2993 singulares
791 2929 1063 2977 externas
1105 2918 1633 2994 apprehendendi,
1690 2918 1853 2977 vitali
1896 2918 2155 2994 quadam
2192 2934 2276 2975 re·

308 3009 787 3082 praesentatione
816 3008 1111 3083 producta
1153 3007 1215 3064 in
1260 3025 1506 3082 organ0,
1552 3009 1717 3083 quod
1759 3009 2013 3067 exterius
2054 3009 2116 3066 in
2156 3024 2277 3065 cor-

307 3115 456 3171 pore
499 3106 764 3172 apparet.
850 3099 1047 3173 Vulgo
1107 3107 1493 3155 numerantur
1535 3097 1595 3155 in
1636 3098 1880 3156 homine
1922 3100 2163 3175 quinque
2199 3096 2273 3153 de

309 3185 520 3260 quibus
564 3204 742 3261 supra
785 3181 862 3261 (p.
900 3180 995 3262 25)
1039 3185 1292 3245 diximus
1334 3204 1537 3245 sensus
1579 3187 1823 3247 externi.
1897 3188 2044 3245 Sunt
2082 3196 2272 3245 tamen

434 3344 448 3373 ¹
487 3346 568 3391 De
608 3346 702 3392 hac
739 3361 792 3392 re
831 3346 984 3393 multa
1022 3346 1217 3394 erudite
1256 3346 1510 3411 descripta
1548 3346 1775 3395 invenies
1812 3348 1947 3410 apud
1982 3348 2131 3396 Pescla
2166 3347 2194 3394 1.
2230 3362 2270 3393 c.

308 3424 372 3481 11,
416 3423 511 3471 281
557 3440 664 3486 sqq.
717 3424 934 3472 Lehmen
971 3425 1002 3473 l.
1045 3441 1086 3473 c.
1128 3425 1193 3484 ΙΙ,
1241 3426 1539 3487 256—286.
1591 3426 1805 3474 Mercier
1840 3426 1871 3473 l.
1901 3442 1943 3474 c.
1984 3443 2036 3490 p.
2078 3427 2137 3475 81
2168 3442 2272 3489 sqq.
