2367 3850
365 197 447 232 DE
486 195 729 233 NATURA
770 196 1190 232 OPERATIONUM
1231 196 1404 232 VITAE
1443 195 1810 234 RATIONALIS.
2011 191 2076 244 95

112 342 393 403 trinsecus
412 353 551 402 sunt
570 343 988 403 immateriales
1006 344 1390 420 operationes
1419 343 1754 416 rationaleS,
1785 342 2080 402 obiective

110 441 303 490 tamen
345 435 445 492 vel
487 434 883 505 extrinsecus,
940 433 977 491 i.
1024 452 1073 493 e.
1133 433 1366 492 ratione
1422 432 1642 492 obiecti
1703 433 1863 492 circa
1917 432 2081 508 quod

108 533 441 594 versantur,
485 522 739 582 materia
777 522 1065 598 indigent.
1150 521 1489 582 Universali
1532 521 1692 582 enim
1735 521 2080 580 inductione

110 621 339 668 constat
380 611 688 671 obiectum
729 630 897 670 suum
924 611 1235 688 proprium
1263 611 1630 671 intellectum
1658 629 1784 669 non
1812 609 2080 670 invenire

111 699 213 757 nisi
255 699 321 756 in
378 700 559 759 rebus
614 701 1000 758 materialibus
1028 703 1060 758 ¹.
1145 701 1247 758 Ad
1302 700 1577 759 notiones
1632 711 1829 760 autem
1885 717 2082 759 rerum

109 789 493 864 spiritualium
534 807 661 848 non
701 790 815 848 nisi
856 806 975 866 ope
1018 790 1376 865 cognitionis
1433 790 1828 865 quidditatum
1887 805 2082 847 rerum

112 878 498 936 materialium
558 880 825 954 assurgit.
911 881 1061 938 Item
1120 880 1383 955 legitima
1444 879 1792 941 inductione
1853 887 2084 936 constat

111 969 181 1026 ad
235 977 439 1025 actum
493 985 735 1027 omnem
790 969 947 1028 vitae
1001 969 1334 1041 rationaliS,
1393 969 1518 1028 sive
1573 969 1906 1027 intellectus
1961 967 2084 1024 sive

111 1057 423 1115 voluntatis
440 1103 455 1128 ,
500 1057 929 1116 antecedenter
969 1059 1061 1118 vel
1106 1058 1582 1117 concomitanter
1601 1103 1614 1129 ,
1660 1058 1882 1133 requiri
1925 1074 2086 1116 exer-

114 1147 311 1204 citium
352 1165 632 1205 sensuum
656 1147 693 1206 ².
752 1148 873 1206 Sed
914 1148 991 1206 de
1034 1148 1125 1206 his
1168 1147 1446 1206 omnibus
1489 1148 1820 1206 accuratius
1861 1157 1921 1204 et
1947 1147 2086 1205 ube-

114 1236 224 1293 rius
267 1236 557 1307 dicemus,
602 1236 705 1295 ubi
746 1236 822 1295 de
866 1238 1272 1312 spiritualitate
1316 1238 1553 1296 animae
1595 1254 1792 1295 sermo
1833 1237 1961 1294 erit.

228 1376 490 1434 Assertio
530 1378 657 1434 III.
706 1409 769 1416 —-
827 1378 1195 1455 Operationes
1235 1381 1387 1438 vitae
1426 1379 1729 1437 rationalis
1782 1379 2088 1454 superioris

115 1473 243 1523 sunt
270 1467 498 1539 gradus
538 1468 602 1524 in
641 1467 839 1525 ordine
877 1471 1178 1527 vitalitatis
1218 1489 1388 1545 quam
1417 1471 1767 1545 operationes
1793 1469 1945 1525 vitae
1969 1485 2085 1524 sen-

116 1557 323 1614 sitivae.
410 1558 504 1614 Eo
547 1557 739 1616 maior
777 1559 936 1616 enim
980 1569 1067 1618 est
1106 1561 1327 1634 gradus
1370 1559 1684 1630 vitalitatiS,
1730 1575 1851 1634 quo
1893 1556 2085 1616 maior

116 1655 201 1702 est
242 1656 405 1704 actus
446 1647 638 1704 vitalis
678 1648 1042 1706 immanentia
1064 1649 1101 1707 ⁸.
1188 1649 1374 1725 Atqui
1415 1660 1650 1707 actuum
1704 1647 1860 1706 vitae
1913 1648 2086 1706 ratio-

117 1735 264 1792 nalis
303 1735 693 1794 immanentia
732 1736 1050 1812 superioris
1092 1747 1181 1796 est
1221 1739 1440 1813 gradus
1483 1757 1662 1814 quam
1702 1737 2086 1795 immanentia

123 1824 535 1898 operationum
578 1826 1005 1885 sensitivarum.
1090 1829 1301 1886 Homo
1358 1825 1517 1886 enim
1575 1827 1920 1902 cognitione
1981 1845 2086 1884 sua

124 1913 389 1971 rationali
446 1931 571 1972 non
628 1916 817 1974 solum
874 1935 935 1976 se
987 1929 1190 1977 movet
1241 1918 1442 1993 quoad
1485 1927 1648 1976 actus
1689 1918 2085 1975 exsecutionem

124 2011 219 2059 aut
258 2013 419 2061 actus
446 2003 732 2077 formam,
778 2006 885 2065 sed
914 2006 1093 2065 etiam
1122 2008 1294 2083 ponit
1323 2008 1384 2065 in
1427 2027 1489 2067 se
1519 2006 1650 2083 ipso
1679 2006 2085 2082 cognitionem

107 2092 279 2165 finis,
334 2103 582 2169 propter
636 2113 813 2169 quem
871 2098 935 2153 fit
989 2084 1214 2167 motus,
1273 2098 1352 2154 ita
1407 2106 1471 2154 ut
1509 2098 1690 2155 finem
1732 2096 1893 2154 illum
1936 2111 2086 2152 asse-

127 2182 421 2255 quendum
463 2182 591 2257 ipse
633 2183 820 2243 libere
866 2184 976 2242 sibi
1019 2195 1321 2261 proponat
1376 2196 1435 2243 et
1489 2186 1567 2244 ad
1621 2186 1783 2242 illum
1839 2185 1965 2260 ipse
2023 2201 2084 2241 se

126 2281 357 2329 moveat
379 2275 416 2329 ⁴.

247 2422 628 2471 corollarium.
694 2416 859 2489 Ergo
901 2416 1021 2473 vita
1062 2433 1167 2474 sua
1205 2416 1482 2474 rationali
1513 2416 1694 2474 homo
1722 2416 2091 2473 essentialiter

132 2500 486 2575 distinguitur
526 2504 603 2559 ab
646 2504 998 2562 animalibus
1040 2504 1240 2563 brutis,
1327 2506 1555 2564 Omnes
1596 2504 1758 2563 enim
1815 2504 2091 2562 homines

132 2589 243 2647 vita
278 2591 549 2649 rationali
604 2593 858 2667 praediti
914 2602 1077 2663 sunt,
1130 2594 1412 2652 animalia
1465 2611 1609 2653 vero
1664 2596 1835 2652 bruta
1889 2610 2088 2667 neque

136 2677 424 2738 intellectu
464 2698 664 2755 neque
707 2682 897 2740 libero
940 2682 1185 2741 arbitrio
1230 2684 1514 2755 fruuntur,
1559 2703 1696 2741 cum
1724 2681 2091 2759 experientia

139 2776 191 2823 et
227 2769 637 2830 observatione
680 2772 789 2829 rite
832 2763 1093 2829 instituta
1135 2774 1295 2831 clare
1339 2782 1572 2831 constet
1608 2774 1671 2832 in
1699 2773 1839 2848 ipsis
1868 2772 2091 2829 nullam

140 2854 368 2916 inveniri
411 2859 610 2917 ideam
652 2860 896 2936 proprie
940 2861 1163 2920 dictam
1207 2864 1302 2920 vel
1344 2863 1736 2921 universalem
1763 2864 1798 2919 ⁵.

252 3056 267 3087 ¹
303 3060 379 3108 Cf.
418 3078 571 3125 supra
607 3078 658 3126 p.
702 3073 783 3125 59.
933 3060 955 3093 ²
992 3064 1070 3113 Cf.
1111 3081 1264 3131 supra
1301 3084 1351 3131 p.
1393 3066 1460 3113 62
1500 3082 1610 3129 sqq.

252 3136 271 3168 ³
305 3140 380 3190 Cf.
420 3158 573 3206 supra
609 3160 661 3207 p.
701 3157 769 3203 44
804 3160 913 3209 sqq.

250 3218 271 3252 ⁴
304 3220 379 3269 Cf.
418 3223 636 3273 Lekmen
676 3224 709 3273 1.
751 3241 794 3274 c.
835 3241 886 3288 p.
934 3234 1029 3287 175
1070 3242 1143 3289 sq.
1209 3226 1334 3275 Item
1373 3227 1522 3276 Pesclz
1561 3188 1594 3273 l.
1634 3241 1677 3274 c.
1718 3226 1756 3283 1,
1804 3224 1902 3273 188
1941 3240 2050 3289 sqq.

252 3296 271 3327 ⁵
303 3301 383 3350 Cf.
420 3304 635 3353 Mercier
669 3304 702 3353 l.
742 3321 785 3353 c.
825 3323 876 3369 p.
916 3318 1038 3365 422.
1114 3306 1173 3353 In
1212 3306 1508 3355 animalibus
1546 3305 1708 3354 brutis
1746 3304 1934 3353 nullam
1986 3320 2096 3352 esse

154 3376 281 3427 vitam
316 3382 628 3444 rationalem,
683 3386 843 3433 nullas
880 3386 1123 3449 imprimis
1163 3387 1377 3433 inveniri
1433 3387 1571 3433 ideas
1624 3385 1960 3442 universales,
2014 3399 2096 3429 ex-
