<?xml version="1.0" encoding="UTF-8"?>
<!DOCTYPE html PUBLIC "-//W3C//DTD XHTML 1.0 Transitional//EN"
    "http://www.w3.org/TR/xhtml1/DTD/xhtml1-transitional.dtd">
<html xmlns="http://www.w3.org/1999/xhtml" xml:lang="en" lang="en">
 <head>
  <title>
</title>
<meta http-equiv="Content-Type" content="text/html;charset=utf-8" />
  <meta name='ocr-system' content='tesseract 3.04.00' />
  <meta name='ocr-capabilities' content='ocr_page ocr_carea ocr_par ocr_line ocrx_word'/>
</head>
<body>
  <div class='ocr_page' id='page_1' title='image "./elementaphiloso01reingoog_0253.png"; bbox 0 0 2367 3850; ppageno 0'>
   <div class='ocr_carea' id='block_1_1' title="bbox 467 209 2093 270">
    <p class='ocr_par' dir='ltr' id='par_1_1' title="bbox 467 209 2093 270">
     <span class='ocr_line' id='line_1_1' title="bbox 467 209 2093 270; baseline 0.006 -24"><span class='ocrx_word' id='word_1_1' title='bbox 467 209 541 246; x_wconf 85' lang='lat' dir='ltr'><strong>DE</strong></span> <span class='ocrx_word' id='word_1_2' title='bbox 579 211 982 252; x_wconf 77' lang='lat' dir='ltr'>AETERNITATE</span> <span class='ocrx_word' id='word_1_3' title='bbox 1021 213 1138 252; x_wconf 81' lang='lat' dir='ltr'><strong>DEI.</strong></span> <span class='ocrx_word' id='word_1_4' title='bbox 1216 214 1293 252; x_wconf 73' lang='lat' dir='ltr'><strong>1)ss</strong></span> <span class='ocrx_word' id='word_1_5' title='bbox 1332 214 1595 255; x_wconf 76' lang='lat' dir='ltr'><strong>SCIENTIA</strong></span> <span class='ocrx_word' id='word_1_6' title='bbox 1634 215 1749 254; x_wconf 84' lang='lat' dir='ltr'>DEI.</span> <span class='ocrx_word' id='word_1_7' title='bbox 1992 217 2093 270; x_wconf 86' lang='lat'><strong>227</strong></span> 
     </span>
    </p>
   </div>
   <div class='ocr_carea' id='block_1_2' title="bbox 885 397 1335 448">
    <p class='ocr_par' dir='ltr' id='par_1_2' title="bbox 885 397 1335 448">
     <span class='ocr_line' id='line_1_2' title="bbox 885 397 1335 448; baseline 0.007 -3"><span class='ocrx_word' id='word_1_8' title='bbox 885 397 1214 447; x_wconf 81' lang='lat' dir='ltr'><strong>ARthuLus</strong></span> <span class='ocrx_word' id='word_1_9' title='bbox 1256 411 1335 448; x_wconf 84' lang='lat'>111.</span> 
     </span>
    </p>
   </div>
   <div class='ocr_carea' id='block_1_3' title="bbox 786 521 1425 572">
    <p class='ocr_par' dir='ltr' id='par_1_3' title="bbox 786 521 1425 572">
     <span class='ocr_line' id='line_1_3' title="bbox 786 521 1425 572; baseline 0.002 -4"><span class='ocrx_word' id='word_1_10' title='bbox 786 521 884 570; x_wconf 92' lang='lat' dir='ltr'><strong>DE</strong></span> <span class='ocrx_word' id='word_1_11' title='bbox 923 522 1251 572; x_wconf 86' lang='lat' dir='ltr'>SCIENTIA</span> <span class='ocrx_word' id='word_1_12' title='bbox 1288 521 1425 572; x_wconf 87' lang='lat' dir='ltr'>DEI.</span> 
     </span>
    </p>
   </div>
   <div class='ocr_carea' id='block_1_4' title="bbox 636 666 1578 734">
    <p class='ocr_par' dir='ltr' id='par_1_4' title="bbox 636 666 1578 734">
     <span class='ocr_line' id='line_1_4' title="bbox 636 666 1578 734; baseline 0.007 -17"><span class='ocrx_word' id='word_1_13' title='bbox 636 666 672 734; x_wconf 65' lang='grc' dir='ltr'>ἓ</span> <span class='ocrx_word' id='word_1_14' title='bbox 717 684 759 722; x_wconf 89' lang='lat'><strong>1.</strong></span> <span class='ocrx_word' id='word_1_15' title='bbox 817 673 904 720; x_wconf 87' lang='lat' dir='ltr'><strong>De</strong></span> <span class='ocrx_word' id='word_1_16' title='bbox 941 671 1336 722; x_wconf 65' lang='lat' dir='ltr'><strong>omniscientis</strong></span> <span class='ocrx_word' id='word_1_17' title='bbox 1372 673 1578 724; x_wconf 77' lang='lat' dir='ltr'><strong>divina.</strong></span> 
     </span>
    </p>
   </div>
   <div class='ocr_carea' id='block_1_5' title="bbox 132 801 2094 1142">
    <p class='ocr_par' dir='ltr' id='par_1_5' title="bbox 132 801 2094 1142">
     <span class='ocr_line' id='line_1_5' title="bbox 243 801 2094 878; baseline 0.004 -21"><span class='ocrx_word' id='word_1_18' title='bbox 243 809 464 860; x_wconf 85' lang='lat' dir='ltr'><strong>Thesis.</strong></span> <span class='ocrx_word' id='word_1_19' title='bbox 538 801 705 860; x_wconf 86' lang='lat' dir='ltr'><strong>Deus</strong></span> <span class='ocrx_word' id='word_1_20' title='bbox 757 804 1032 875; x_wconf 81' lang='lat' dir='ltr'><em>cognoscit</em></span> <span class='ocrx_word' id='word_1_21' title='bbox 1066 821 1124 860; x_wconf 79' lang='lat' dir='ltr'><strong>se</strong></span> <span class='ocrx_word' id='word_1_22' title='bbox 1163 803 1377 878; x_wconf 84' lang='lat' dir='ltr'><strong>ipsum,</strong></span> <span class='ocrx_word' id='word_1_23' title='bbox 1434 807 1563 862; x_wconf 81' lang='lat' dir='ltr'><strong>item</strong></span> <span class='ocrx_word' id='word_1_24' title='bbox 1616 807 1805 862; x_wconf 83' lang='lat' dir='ltr'><strong>omnia</strong></span> <span class='ocrx_word' id='word_1_25' title='bbox 1844 807 2094 864; x_wconf 80' lang='lat' dir='ltr'><em>actualia</em></span> 
     </span>
     <span class='ocr_line' id='line_1_6' title="bbox 132 892 2094 968; baseline 0.004 -23"><span class='ocrx_word' id='word_1_26' title='bbox 132 896 291 962; x_wconf 83' lang='lat' dir='ltr'><strong>prout</strong></span> <span class='ocrx_word' id='word_1_27' title='bbox 324 897 488 958; x_wconf 86' lang='lat' dir='ltr'><strong>sunt,</strong></span> <span class='ocrx_word' id='word_1_28' title='bbox 543 892 866 963; x_wconf 66' lang='lat' dir='ltr'><strong>st&#39;ngwlaria</strong></span> <span class='ocrx_word' id='word_1_29' title='bbox 881 937 899 960; x_wconf 88' lang='lat'><em>,</em></span> <span class='ocrx_word' id='word_1_30' title='bbox 931 895 1285 968; x_wconf 81' lang='lat' dir='ltr'><strong>praeterita,</strong></span> <span class='ocrx_word' id='word_1_31' title='bbox 1329 893 1571 967; x_wconf 80' lang='lat' dir='ltr'><strong>sutura,</strong></span> <span class='ocrx_word' id='word_1_32' title='bbox 1626 897 1743 953; x_wconf 81' lang='lat' dir='ltr'><strong>sive</strong></span> <span class='ocrx_word' id='word_1_33' title='bbox 1782 895 2094 954; x_wconf 83' lang='lat' dir='ltr'><strong>neccssaria</strong></span> 
     </span>
     <span class='ocr_line' id='line_1_7' title="bbox 139 979 2093 1052; baseline 0.004 -18"><span class='ocrx_word' id='word_1_34' title='bbox 139 980 235 1035; x_wconf 72' lang='lat' dir='ltr'><strong>sive</strong></span> <span class='ocrx_word' id='word_1_35' title='bbox 259 980 454 1048; x_wconf 83' lang='lat' dir='ltr'><strong>libera,</strong></span> <span class='ocrx_word' id='word_1_36' title='bbox 497 982 614 1038; x_wconf 79' lang='lat' dir='ltr'><strong>sive</strong></span> <span class='ocrx_word' id='word_1_37' title='bbox 650 979 906 1038; x_wconf 79' lang='lat' dir='ltr'><strong>absoluta</strong></span> <span class='ocrx_word' id='word_1_38' title='bbox 945 983 1060 1039; x_wconf 83' lang='lat' dir='ltr'><strong>sive</strong></span> <span class='ocrx_word' id='word_1_39' title='bbox 1101 983 1501 1052; x_wconf 83' lang='lat' dir='ltr'><strong>condicionata,</strong></span> <span class='ocrx_word' id='word_1_40' title='bbox 1540 986 1670 1041; x_wconf 88' lang='lat' dir='ltr'><strong>item</strong></span> <span class='ocrx_word' id='word_1_41' title='bbox 1714 986 1904 1042; x_wconf 85' lang='lat' dir='ltr'><strong>omnia</strong></span> <span class='ocrx_word' id='word_1_42' title='bbox 1943 1003 2093 1043; x_wconf 80' lang='lat' dir='ltr'><strong>merc</strong></span> 
     </span>
     <span class='ocr_line' id='line_1_8' title="bbox 132 1070 414 1142; baseline 0.007 -19"><span class='ocrx_word' id='word_1_43' title='bbox 132 1070 414 1142; x_wconf 64' lang='lat' dir='ltr'><strong>possffiilia.</strong></span> 
     </span>
    </p>
   </div>
   <div class='ocr_carea' id='block_1_6' title="bbox 139 1204 2089 2086">
    <p class='ocr_par' dir='ltr' id='par_1_6' title="bbox 142 1204 2089 1812">
     <span class='ocr_line' id='line_1_9' title="bbox 241 1204 2089 1273; baseline 0.003 -14"><span class='ocrx_word' id='word_1_44' title='bbox 241 1211 430 1260; x_wconf 80' lang='lat' dir='ltr'><strong>Status</strong></span> <span class='ocrx_word' id='word_1_45' title='bbox 487 1212 856 1273; x_wconf 77' lang='lat' dir='ltr'><strong>quaestionis.</strong></span> <span class='ocrx_word' id='word_1_46' title='bbox 959 1205 1156 1262; x_wconf 92' lang='lat' dir='ltr'><strong>Deum</strong></span> <span class='ocrx_word' id='word_1_47' title='bbox 1222 1223 1351 1263; x_wconf 91' lang='lat' dir='ltr'><strong>esse</strong></span> <span class='ocrx_word' id='word_1_48' title='bbox 1412 1222 1520 1263; x_wconf 90' lang='lat' dir='ltr'><strong>ens</strong></span> <span class='ocrx_word' id='word_1_49' title='bbox 1580 1223 1807 1263; x_wconf 89' lang='lat' dir='ltr'><strong>summe</strong></span> <span class='ocrx_word' id='word_1_50' title='bbox 1868 1204 2089 1264; x_wconf 89' lang='lat' dir='ltr'><strong>intelle-</strong></span> 
     </span>
     <span class='ocr_line' id='line_1_10' title="bbox 142 1291 2087 1370; baseline 0.004 -24"><span class='ocrx_word' id='word_1_51' title='bbox 142 1307 265 1363; x_wconf 88' lang='lat' dir='ltr'><strong>gens</strong></span> <span class='ocrx_word' id='word_1_52' title='bbox 293 1301 529 1349; x_wconf 88' lang='lat' dir='ltr'><strong>constat</strong></span> <span class='ocrx_word' id='word_1_53' title='bbox 557 1310 630 1350; x_wconf 87' lang='lat' dir='ltr'><strong>ex</strong></span> <span class='ocrx_word' id='word_1_54' title='bbox 657 1291 745 1360; x_wconf 88' lang='lat' dir='ltr'><strong>iis,</strong></span> <span class='ocrx_word' id='word_1_55' title='bbox 779 1310 932 1366; x_wconf 89' lang='lat' dir='ltr'><strong>quae</strong></span> <span class='ocrx_word' id='word_1_56' title='bbox 961 1293 1215 1350; x_wconf 87' lang='lat' dir='ltr'>diximus</span> <span class='ocrx_word' id='word_1_57' title='bbox 1242 1295 1304 1351; x_wconf 92' lang='lat' dir='ltr'><strong>in</strong></span> <span class='ocrx_word' id='word_1_58' title='bbox 1334 1292 1687 1370; x_wconf 85' lang='lat' dir='ltr'>probatione</span> <span class='ocrx_word' id='word_1_59' title='bbox 1716 1292 2087 1353; x_wconf 84' lang='lat' dir='ltr'><strong>exsistentiae</strong></span> 
     </span>
     <span class='ocr_line' id='line_1_11' title="bbox 143 1379 2089 1458; baseline 0.004 -24"><span class='ocrx_word' id='word_1_60' title='bbox 143 1379 238 1436; x_wconf 90' lang='lat' dir='ltr'><strong>Dei</strong></span> <span class='ocrx_word' id='word_1_61' title='bbox 277 1397 346 1437; x_wconf 89' lang='lat' dir='ltr'><strong>ex</strong></span> <span class='ocrx_word' id='word_1_62' title='bbox 388 1380 604 1438; x_wconf 89' lang='lat' dir='ltr'><strong>ordine</strong></span> <span class='ocrx_word' id='word_1_63' title='bbox 646 1381 870 1454; x_wconf 89' lang='lat' dir='ltr'><strong>mundi,</strong></span> <span class='ocrx_word' id='word_1_64' title='bbox 915 1382 1055 1440; x_wconf 91' lang='lat' dir='ltr'><strong>item</strong></span> <span class='ocrx_word' id='word_1_65' title='bbox 1094 1401 1168 1440; x_wconf 86' lang='lat' dir='ltr'><strong>ex</strong></span> <span class='ocrx_word' id='word_1_66' title='bbox 1196 1401 1289 1454; x_wconf 91' lang='lat' dir='ltr'><strong>e0‚</strong></span> <span class='ocrx_word' id='word_1_67' title='bbox 1336 1382 1499 1456; x_wconf 89' lang='lat' dir='ltr'><strong>quod</strong></span> <span class='ocrx_word' id='word_1_68' title='bbox 1534 1383 1667 1440; x_wconf 92' lang='lat' dir='ltr'><strong>Deo</strong></span> <span class='ocrx_word' id='word_1_69' title='bbox 1710 1401 1919 1441; x_wconf 91' lang='lat' dir='ltr'><strong>omnes</strong></span> <span class='ocrx_word' id='word_1_70' title='bbox 1962 1402 2089 1458; x_wconf 90' lang='lat' dir='ltr'><strong>per-</strong></span> 
     </span>
     <span class='ocr_line' id='line_1_12' title="bbox 144 1467 2085 1530; baseline 0.004 -7"><span class='ocrx_word' id='word_1_71' title='bbox 144 1467 403 1527; x_wconf 87' lang='lat' dir='ltr'><strong>fectiones</strong></span> <span class='ocrx_word' id='word_1_72' title='bbox 429 1480 833 1528; x_wconf 89' lang='lat' dir='ltr'><strong>creaturarum</strong></span> <span class='ocrx_word' id='word_1_73' title='bbox 852 1469 1188 1529; x_wconf 86' lang='lat' dir='ltr'><strong>eminenter</strong></span> <span class='ocrx_word' id='word_1_74' title='bbox 1206 1471 1557 1529; x_wconf 86' lang='lat' dir='ltr'><strong>tribuendae</strong></span> <span class='ocrx_word' id='word_1_75' title='bbox 1580 1481 1728 1530; x_wconf 92' lang='lat' dir='ltr'><strong>sunt.</strong></span> <span class='ocrx_word' id='word_1_76' title='bbox 1780 1473 1863 1530; x_wconf 91' lang='lat' dir='ltr'><strong>Ut</strong></span> <span class='ocrx_word' id='word_1_77' title='bbox 1890 1483 2085 1530; x_wconf 85' lang='lat' dir='ltr'><strong>autem</strong></span> 
     </span>
     <span class='ocr_line' id='line_1_13' title="bbox 142 1556 2086 1634; baseline 0.003 -21"><span class='ocrx_word' id='word_1_78' title='bbox 142 1556 284 1615; x_wconf 88' lang='lat' dir='ltr'><strong>huius</strong></span> <span class='ocrx_word' id='word_1_79' title='bbox 322 1558 766 1633; x_wconf 84' lang='lat' dir='ltr'><strong>intellegentiae</strong></span> <span class='ocrx_word' id='word_1_80' title='bbox 809 1559 1047 1618; x_wconf 82' lang='lat' dir='ltr'><strong>divinae</strong></span> <span class='ocrx_word' id='word_1_81' title='bbox 1087 1570 1359 1618; x_wconf 86' lang='lat' dir='ltr'><strong>naturam</strong></span> <span class='ocrx_word' id='word_1_82' title='bbox 1402 1559 1725 1634; x_wconf 87' lang='lat' dir='ltr'><strong>perfectius</strong></span> <span class='ocrx_word' id='word_1_83' title='bbox 1765 1579 2086 1634; x_wconf 88' lang='lat' dir='ltr'><strong>cognosca-</strong></span> 
     </span>
     <span class='ocr_line' id='line_1_14' title="bbox 143 1648 2087 1724; baseline 0.003 -23"><span class='ocrx_word' id='word_1_84' title='bbox 143 1664 279 1718; x_wconf 82' lang='lat' dir='ltr'><strong>muS,</strong></span> <span class='ocrx_word' id='word_1_85' title='bbox 332 1648 671 1721; x_wconf 82' lang='lat' dir='ltr'><strong>quaerimus</strong></span> <span class='ocrx_word' id='word_1_86' title='bbox 711 1648 840 1719; x_wconf 88' lang='lat' dir='ltr'><strong>hic,</strong></span> <span class='ocrx_word' id='word_1_87' title='bbox 885 1649 963 1708; x_wconf 90' lang='lat' dir='ltr'><strong>ad</strong></span> <span class='ocrx_word' id='word_1_88' title='bbox 1003 1667 1301 1724; x_wconf 83' lang='lat' dir='ltr'><strong>quaenam</strong></span> <span class='ocrx_word' id='word_1_89' title='bbox 1344 1650 1581 1708; x_wconf 88' lang='lat' dir='ltr'><strong>obiecta</strong></span> <span class='ocrx_word' id='word_1_90' title='bbox 1634 1667 1764 1708; x_wconf 88' lang='lat' dir='ltr'><strong>sese</strong></span> <span class='ocrx_word' id='word_1_91' title='bbox 1807 1651 2087 1709; x_wconf 87' lang='lat' dir='ltr'><strong>extendat</strong></span> 
     </span>
     <span class='ocr_line' id='line_1_15' title="bbox 143 1735 558 1812; baseline 0.012 -22"><span class='ocrx_word' id='word_1_92' title='bbox 143 1735 238 1792; x_wconf 93' lang='lat' dir='ltr'><strong>Dei</strong></span> <span class='ocrx_word' id='word_1_93' title='bbox 277 1736 558 1812; x_wconf 79' lang='lat' dir='ltr'><strong>cognitio,</strong></span> 
     </span>
    </p>

    <p class='ocr_par' dir='ltr' id='par_1_7' title="bbox 139 1834 2087 2086">
     <span class='ocr_line' id='line_1_16' title="bbox 240 1834 2083 1912; baseline 0.002 -20"><span class='ocrx_word' id='word_1_94' title='bbox 240 1837 359 1892; x_wconf 87' lang='lat' dir='ltr'><strong>Iam</strong></span> <span class='ocrx_word' id='word_1_95' title='bbox 401 1853 548 1893; x_wconf 90' lang='lat' dir='ltr'><strong>vero</strong></span> <span class='ocrx_word' id='word_1_96' title='bbox 590 1835 782 1894; x_wconf 90' lang='lat' dir='ltr'><strong>futura</strong></span> <span class='ocrx_word' id='word_1_97' title='bbox 823 1837 989 1909; x_wconf 89' lang='lat' dir='ltr'><strong>quod</strong></span> <span class='ocrx_word' id='word_1_98' title='bbox 1030 1835 1267 1908; x_wconf 89' lang='lat' dir='ltr'><strong>attinet,</strong></span> <span class='ocrx_word' id='word_1_99' title='bbox 1313 1835 1525 1910; x_wconf 87' lang='lat' dir='ltr'><strong>triplex</strong></span> <span class='ocrx_word' id='word_1_100' title='bbox 1567 1834 1845 1910; x_wconf 89' lang='lat' dir='ltr'><strong>distingui</strong></span> <span class='ocrx_word' id='word_1_101' title='bbox 1890 1845 2083 1912; x_wconf 87' lang='lat' dir='ltr'><strong>potest</strong></span> 
     </span>
     <span class='ocr_line' id='line_1_17' title="bbox 141 1923 2087 1998; baseline 0.002 -18"><span class='ocrx_word' id='word_1_102' title='bbox 141 1924 345 1998; x_wconf 90' lang='lat' dir='ltr'><strong>species</strong></span> <span class='ocrx_word' id='word_1_103' title='bbox 387 1923 775 1984; x_wconf 91' lang='lat' dir='ltr'><strong>obiectorum.</strong></span> <span class='ocrx_word' id='word_1_104' title='bbox 862 1927 1009 1984; x_wconf 90' lang='lat' dir='ltr'><strong>Sunt</strong></span> <span class='ocrx_word' id='word_1_105' title='bbox 1049 1926 1209 1984; x_wconf 89' lang='lat' dir='ltr'><strong>enim</strong></span> <span class='ocrx_word' id='word_1_106' title='bbox 1254 1926 1443 1984; x_wconf 90' lang='lat' dir='ltr'><strong>futura</strong></span> <span class='ocrx_word' id='word_1_107' title='bbox 1484 1926 1837 1997; x_wconf 87' lang='lat' dir='ltr'><strong>necessaria,</strong></span> <span class='ocrx_word' id='word_1_108' title='bbox 1898 1927 2087 1984; x_wconf 83' lang='lat' dir='ltr'><strong>futura</strong></span> 
     </span>
     <span class='ocr_line' id='line_1_18' title="bbox 139 2013 1724 2086; baseline 0.002 -18"><span class='ocrx_word' id='word_1_109' title='bbox 139 2013 302 2072; x_wconf 90' lang='lat' dir='ltr'><strong>libera</strong></span> <span class='ocrx_word' id='word_1_110' title='bbox 342 2014 450 2073; x_wconf 90' lang='lat' dir='ltr'><strong>sed</strong></span> <span class='ocrx_word' id='word_1_111' title='bbox 492 2015 780 2086; x_wconf 90' lang='lat' dir='ltr'><strong>absoluta,</strong></span> <span class='ocrx_word' id='word_1_112' title='bbox 825 2015 1017 2072; x_wconf 88' lang='lat' dir='ltr'><strong>futura</strong></span> <span class='ocrx_word' id='word_1_113' title='bbox 1058 2015 1246 2073; x_wconf 87' lang='lat' dir='ltr'><strong>libera</strong></span> <span class='ocrx_word' id='word_1_114' title='bbox 1288 2014 1724 2073; x_wconf 84' lang='lat' dir='ltr'><strong>condicionata.</strong></span> 
     </span>
    </p>
   </div>
   <div class='ocr_carea' id='block_1_7' title="bbox 133 2105 2085 2454">
    <p class='ocr_par' dir='ltr' id='par_1_8' title="bbox 133 2105 2085 2454">
     <span class='ocr_line' id='line_1_19' title="bbox 240 2105 2085 2186; baseline 0.002 -19"><span class='ocrx_word' id='word_1_115' title='bbox 240 2105 292 2185; x_wconf 89' lang='lat' dir='ltr'><strong>a)</strong></span> <span class='ocrx_word' id='word_1_116' title='bbox 332 2112 568 2168; x_wconf 84' lang='lat' dir='ltr'><strong>Futura</strong></span> <span class='ocrx_word' id='word_1_117' title='bbox 609 2114 920 2173; x_wconf 84' lang='lat' dir='ltr'><strong>necessaria</strong></span> <span class='ocrx_word' id='word_1_118' title='bbox 949 2110 1046 2169; x_wconf 90' lang='lat' dir='ltr'><strong>hic</strong></span> <span class='ocrx_word' id='word_1_119' title='bbox 1078 2129 1363 2170; x_wconf 88' lang='lat' dir='ltr'><strong>vocamus</strong></span> <span class='ocrx_word' id='word_1_120' title='bbox 1406 2130 1493 2183; x_wconf 85' lang='lat' dir='ltr'><strong>ea,</strong></span> <span class='ocrx_word' id='word_1_121' title='bbox 1545 2130 1697 2186; x_wconf 87' lang='lat' dir='ltr'><strong>quae</strong></span> <span class='ocrx_word' id='word_1_122' title='bbox 1742 2112 1837 2169; x_wconf 81' lang='lat' dir='ltr'><strong>vel</strong></span> <span class='ocrx_word' id='word_1_123' title='bbox 1880 2129 2085 2186; x_wconf 88' lang='lat' dir='ltr'><strong>opera-</strong></span> 
     </span>
     <span class='ocr_line' id='line_1_20' title="bbox 136 2198 2079 2276; baseline 0.003 -22"><span class='ocrx_word' id='word_1_124' title='bbox 136 2198 277 2257; x_wconf 86' lang='lat' dir='ltr'><strong>tione</strong></span> <span class='ocrx_word' id='word_1_125' title='bbox 315 2199 432 2258; x_wconf 92' lang='lat' dir='ltr'><strong>Dei</strong></span> <span class='ocrx_word' id='word_1_126' title='bbox 474 2200 652 2258; x_wconf 90' lang='lat' dir='ltr'><strong>solius</strong></span> <span class='ocrx_word' id='word_1_127' title='bbox 706 2202 802 2258; x_wconf 92' lang='lat' dir='ltr'><strong>vel</strong></span> <span class='ocrx_word' id='word_1_128' title='bbox 858 2201 1209 2276; x_wconf 86' lang='lat' dir='ltr'><strong>operatione</strong></span> <span class='ocrx_word' id='word_1_129' title='bbox 1265 2200 1489 2259; x_wconf 90' lang='lat' dir='ltr'><strong>entium</strong></span> <span class='ocrx_word' id='word_1_130' title='bbox 1542 2201 1883 2259; x_wconf 86' lang='lat' dir='ltr'><strong>necessario</strong></span> <span class='ocrx_word' id='word_1_131' title='bbox 1926 2198 1984 2276; x_wconf 92' lang='lat' dir='ltr'><strong>(i.</strong></span> <span class='ocrx_word' id='word_1_132' title='bbox 2028 2220 2079 2260; x_wconf 94' lang='lat' dir='ltr'><strong>e.</strong></span> 
     </span>
     <span class='ocr_line' id='line_1_21' title="bbox 135 2285 2083 2365; baseline 0.002 -20"><span class='ocrx_word' id='word_1_133' title='bbox 135 2289 246 2346; x_wconf 89' lang='lat' dir='ltr'><strong>sine</strong></span> <span class='ocrx_word' id='word_1_134' title='bbox 296 2285 589 2365; x_wconf 90' lang='lat' dir='ltr'><strong>libertate)</strong></span> <span class='ocrx_word' id='word_1_135' title='bbox 646 2290 946 2363; x_wconf 83' lang='lat' dir='ltr'><strong>agentium</strong></span> <span class='ocrx_word' id='word_1_136' title='bbox 1001 2290 1329 2364; x_wconf 90' lang='lat' dir='ltr'><strong>aliquando</strong></span> <span class='ocrx_word' id='word_1_137' title='bbox 1383 2308 1447 2348; x_wconf 91' lang='lat' dir='ltr'><strong>re</strong></span> <span class='ocrx_word' id='word_1_138' title='bbox 1491 2289 1621 2364; x_wconf 90' lang='lat' dir='ltr'><strong>ipsa</strong></span> <span class='ocrx_word' id='word_1_139' title='bbox 1661 2292 1819 2348; x_wconf 90' lang='lat' dir='ltr'><strong>fient.</strong></span> <span class='ocrx_word' id='word_1_140' title='bbox 1904 2291 2083 2348; x_wconf 88' lang='lat' dir='ltr'><strong>Tales</strong></span> 
     </span>
     <span class='ocr_line' id='line_1_22' title="bbox 133 2378 2084 2454; baseline 0.002 -21"><span class='ocrx_word' id='word_1_141' title='bbox 133 2388 251 2435; x_wconf 89' lang='lat' dir='ltr'><strong>sunt</strong></span> <span class='ocrx_word' id='word_1_142' title='bbox 287 2396 336 2437; x_wconf 89' lang='lat' dir='ltr'><strong>e.</strong></span> <span class='ocrx_word' id='word_1_143' title='bbox 367 2397 423 2453; x_wconf 90' lang='lat' dir='ltr'><strong>g.</strong></span> <span class='ocrx_word' id='word_1_144' title='bbox 469 2397 680 2437; x_wconf 90' lang='lat' dir='ltr'><strong>omnes</strong></span> <span class='ocrx_word' id='word_1_145' title='bbox 719 2388 914 2439; x_wconf 90' lang='lat' dir='ltr'><strong>terrae</strong></span> <span class='ocrx_word' id='word_1_146' title='bbox 957 2391 1168 2451; x_wconf 81' lang='lat' dir='ltr'><strong>motuS‚</strong></span> <span class='ocrx_word' id='word_1_147' title='bbox 1212 2379 1315 2454; x_wconf 91' lang='lat' dir='ltr'><strong>qui</strong></span> <span class='ocrx_word' id='word_1_148' title='bbox 1358 2391 1627 2454; x_wconf 89' lang='lat' dir='ltr'><strong>tempore</strong></span> <span class='ocrx_word' id='word_1_149' title='bbox 1672 2378 1863 2436; x_wconf 91' lang='lat' dir='ltr'><strong>futuro</strong></span> <span class='ocrx_word' id='word_1_150' title='bbox 1894 2390 2084 2437; x_wconf 90' lang='lat' dir='ltr'><strong>erunt.</strong></span> 
     </span>
    </p>
   </div>
   <div class='ocr_carea' id='block_1_8' title="bbox 137 2511 349 2517">
    <p class='ocr_par' dir='ltr' id='par_1_9' title="bbox 137 2511 349 2517">
     <span class='ocr_line' id='line_1_23' title="bbox 137 2511 349 2517; baseline 0 0"><span class='ocrx_word' id='word_1_151' title='bbox 137 2511 349 2517; x_wconf 95' lang='lat' dir='ltr'><strong> </strong></span> 
     </span>
    </p>
   </div>
   <div class='ocr_carea' id='block_1_9' title="bbox 358 2513 537 2518">
    <p class='ocr_par' dir='ltr' id='par_1_10' title="bbox 358 2513 537 2518">
     <span class='ocr_line' id='line_1_24' title="bbox 358 2513 537 2518; baseline 0 0"><span class='ocrx_word' id='word_1_152' title='bbox 358 2513 537 2518; x_wconf 95' lang='lat' dir='ltr'><strong> </strong></span> 
     </span>
    </p>
   </div>
   <div class='ocr_carea' id='block_1_10' title="bbox 133 2589 2083 3538">
    <p class='ocr_par' dir='ltr' id='par_1_11' title="bbox 133 2589 2083 2895">
     <span class='ocr_line' id='line_1_25' title="bbox 136 2589 2083 2655; baseline 0.002 -20"><span class='ocrx_word' id='word_1_153' title='bbox 136 2598 250 2638; x_wconf 88' lang='lat' dir='ltr'><strong>tores</strong></span> <span class='ocrx_word' id='word_1_154' title='bbox 283 2590 453 2639; x_wconf 89' lang='lat' dir='ltr'><strong>mundi</strong></span> <span class='ocrx_word' id='word_1_155' title='bbox 494 2591 558 2640; x_wconf 90' lang='lat' dir='ltr'><strong>de</strong></span> <span class='ocrx_word' id='word_1_156' title='bbox 596 2590 700 2640; x_wconf 87' lang='lat' dir='ltr'><strong>istis</strong></span> <span class='ocrx_word' id='word_1_157' title='bbox 747 2590 930 2640; x_wconf 88' lang='lat' dir='ltr'><strong>infimis</strong></span> <span class='ocrx_word' id='word_1_158' title='bbox 981 2599 1031 2638; x_wconf 92' lang='lat' dir='ltr'><strong>et</strong></span> <span class='ocrx_word' id='word_1_159' title='bbox 1081 2590 1447 2639; x_wconf 87' lang='lat' dir='ltr'><strong>momentaneis</strong></span> <span class='ocrx_word' id='word_1_160' title='bbox 1498 2589 1651 2638; x_wconf 89' lang='lat' dir='ltr'><strong>bonis</strong></span> <span class='ocrx_word' id='word_1_161' title='bbox 1703 2606 1764 2638; x_wconf 88' lang='lat' dir='ltr'><strong>ex</strong></span> <span class='ocrx_word' id='word_1_162' title='bbox 1819 2590 2083 2655; x_wconf 83' lang='lat' dir='ltr'><strong>inopinato</strong></span> 
     </span>
     <span class='ocr_line' id='line_1_26' title="bbox 133 2670 2080 2736; baseline 0.002 -20"><span class='ocrx_word' id='word_1_163' title='bbox 133 2670 306 2730; x_wconf 86' lang='lat' dir='ltr'><strong>oblatis,</strong></span> <span class='ocrx_word' id='word_1_164' title='bbox 343 2686 498 2735; x_wconf 87' lang='lat' dir='ltr'><strong>saepe</strong></span> <span class='ocrx_word' id='word_1_165' title='bbox 534 2671 602 2719; x_wconf 82' lang='lat' dir='ltr'><strong>ita</strong></span> <span class='ocrx_word' id='word_1_166' title='bbox 638 2672 888 2735; x_wconf 86' lang='lat' dir='ltr'><strong>gaudent,</strong></span> <span class='ocrx_word' id='word_1_167' title='bbox 929 2680 982 2719; x_wconf 87' lang='lat' dir='ltr'><strong>ut</strong></span> <span class='ocrx_word' id='word_1_168' title='bbox 1018 2672 1100 2719; x_wconf 89' lang='lat' dir='ltr'><strong>vix</strong></span> <span class='ocrx_word' id='word_1_169' title='bbox 1138 2686 1193 2719; x_wconf 90' lang='lat' dir='ltr'><strong>se</strong></span> <span class='ocrx_word' id='word_1_170' title='bbox 1231 2670 1458 2736; x_wconf 84' lang='lat' dir='ltr'><strong>capiant:</strong></span> <span class='ocrx_word' id='word_1_171' title='bbox 1499 2678 1741 2733; x_wconf 86' lang='lat' dir='ltr'><strong>quantum</strong></span> <span class='ocrx_word' id='word_1_172' title='bbox 1780 2671 1928 2719; x_wconf 89' lang='lat' dir='ltr'><strong>nobis</strong></span> <span class='ocrx_word' id='word_1_173' title='bbox 1964 2688 2080 2735; x_wconf 82' lang='lat' dir='ltr'><strong>gau-</strong></span> 
     </span>
     <span class='ocr_line' id='line_1_27' title="bbox 135 2750 2081 2814; baseline 0.001 -17"><span class='ocrx_word' id='word_1_174' title='bbox 135 2750 329 2799; x_wconf 88' lang='lat' dir='ltr'><strong>dendum</strong></span> <span class='ocrx_word' id='word_1_175' title='bbox 366 2751 430 2799; x_wconf 92' lang='lat' dir='ltr'><strong>de</strong></span> <span class='ocrx_word' id='word_1_176' title='bbox 469 2750 622 2800; x_wconf 88' lang='lat' dir='ltr'><strong>bonis</strong></span> <span class='ocrx_word' id='word_1_177' title='bbox 659 2752 889 2811; x_wconf 89' lang='lat' dir='ltr'><strong>summis,</strong></span> <span class='ocrx_word' id='word_1_178' title='bbox 929 2750 1168 2811; x_wconf 87' lang='lat' dir='ltr'><strong>infinitis,</strong></span> <span class='ocrx_word' id='word_1_179' title='bbox 1218 2751 1562 2814; x_wconf 86' lang='lat' dir='ltr'><strong>sempiternis,</strong></span> <span class='ocrx_word' id='word_1_180' title='bbox 1612 2767 1825 2814; x_wconf 87' lang='lat' dir='ltr'><strong>quorum</strong></span> <span class='ocrx_word' id='word_1_181' title='bbox 1863 2751 2081 2799; x_wconf 86' lang='lat' dir='ltr'><strong>suavitas</strong></span> 
     </span>
     <span class='ocr_line' id='line_1_28' title="bbox 133 2830 761 2895; baseline 0.006 -20"><span class='ocrx_word' id='word_1_182' title='bbox 133 2837 222 2877; x_wconf 86' lang='lat' dir='ltr'><strong>tota</strong></span> <span class='ocrx_word' id='word_1_183' title='bbox 254 2831 394 2879; x_wconf 88' lang='lat' dir='ltr'><strong>simul</strong></span> <span class='ocrx_word' id='word_1_184' title='bbox 431 2830 761 2895; x_wconf 83' lang='lat' dir='ltr'><strong>percipietur!</strong></span> 
     </span>
    </p>

    <p class='ocr_par' dir='ltr' id='par_1_12' title="bbox 135 2910 2083 3041">
     <span class='ocr_line' id='line_1_29' title="bbox 238 2910 2083 2976; baseline 0 -17"><span class='ocrx_word' id='word_1_185' title='bbox 238 2923 282 2960; x_wconf 89' lang='lat'><strong>2.</strong></span> <span class='ocrx_word' id='word_1_186' title='bbox 318 2911 580 2961; x_wconf 86' lang='lat' dir='ltr'><strong>Secundus</strong></span> <span class='ocrx_word' id='word_1_187' title='bbox 617 2919 720 2971; x_wconf 89' lang='lat' dir='ltr'><strong>est,</strong></span> <span class='ocrx_word' id='word_1_188' title='bbox 773 2914 1026 2961; x_wconf 80' lang='lat' dir='ltr'><strong>maximus</strong></span> <span class='ocrx_word' id='word_1_189' title='bbox 1060 2913 1210 2961; x_wconf 86' lang='lat' dir='ltr'><strong>timor</strong></span> <span class='ocrx_word' id='word_1_190' title='bbox 1261 2920 1493 2959; x_wconf 85' lang='lat' dir='ltr'><strong>aeternae</strong></span> <span class='ocrx_word' id='word_1_191' title='bbox 1546 2910 1908 2971; x_wconf 80' lang='lat' dir='ltr'><strong>damnationiS,</strong></span> <span class='ocrx_word' id='word_1_192' title='bbox 1967 2911 2083 2976; x_wconf 88' lang='lat' dir='ltr'><strong>quia</strong></span> 
     </span>
     <span class='ocr_line' id='line_1_30' title="bbox 135 2990 433 3041; baseline 0.01 -5"><span class='ocrx_word' id='word_1_193' title='bbox 135 2990 174 3037; x_wconf 87' lang='lat' dir='ltr'><strong>in</strong></span> <span class='ocrx_word' id='word_1_194' title='bbox 209 2991 296 3041; x_wconf 83' lang='lat' dir='ltr'><strong>hac</strong></span> <span class='ocrx_word' id='word_1_195' title='bbox 329 3000 433 3040; x_wconf 88' lang='lat' dir='ltr'><strong>est:</strong></span> 
     </span>
    </p>

    <p class='ocr_par' dir='ltr' id='par_1_13' title="bbox 235 3068 1495 3135">
     <span class='ocr_line' id='line_1_31' title="bbox 235 3068 1495 3135; baseline 0.001 -16"><span class='ocrx_word' id='word_1_196' title='bbox 235 3068 287 3135; x_wconf 88' lang='lat' dir='ltr'><strong>a)</strong></span> <span class='ocrx_word' id='word_1_197' title='bbox 324 3071 507 3120; x_wconf 87' lang='lat' dir='ltr'><strong>infiniti</strong></span> <span class='ocrx_word' id='word_1_198' title='bbox 544 3080 594 3120; x_wconf 89' lang='lat' dir='ltr'><strong>et</strong></span> <span class='ocrx_word' id='word_1_199' title='bbox 632 3072 821 3120; x_wconf 88' lang='lat' dir='ltr'><strong>aeterni</strong></span> <span class='ocrx_word' id='word_1_200' title='bbox 861 3071 994 3119; x_wconf 89' lang='lat' dir='ltr'><strong>illius</strong></span> <span class='ocrx_word' id='word_1_201' title='bbox 1032 3072 1150 3120; x_wconf 90' lang='lat' dir='ltr'><strong>boni</strong></span> <span class='ocrx_word' id='word_1_202' title='bbox 1189 3072 1404 3130; x_wconf 86' lang='lat' dir='ltr'><strong>iactura;</strong></span> <span class='ocrx_word' id='word_1_203' title='bbox 1446 3082 1495 3120; x_wconf 91' lang='lat' dir='ltr'><strong>et</strong></span> 
     </span>
    </p>

    <p class='ocr_par' dir='ltr' id='par_1_14' title="bbox 236 3149 1427 3216">
     <span class='ocr_line' id='line_1_32' title="bbox 236 3149 1427 3216; baseline 0 -17"><span class='ocrx_word' id='word_1_204' title='bbox 236 3149 292 3214; x_wconf 92' lang='lat' dir='ltr'><strong>b)</strong></span> <span class='ocrx_word' id='word_1_205' title='bbox 330 3151 507 3200; x_wconf 90' lang='lat' dir='ltr'><strong>summi</strong></span> <span class='ocrx_word' id='word_1_206' title='bbox 546 3152 838 3216; x_wconf 88' lang='lat' dir='ltr'><strong>aeternique</strong></span> <span class='ocrx_word' id='word_1_207' title='bbox 877 3152 1110 3200; x_wconf 88' lang='lat' dir='ltr'><strong>tormenti</strong></span> <span class='ocrx_word' id='word_1_208' title='bbox 1147 3153 1427 3216; x_wconf 90' lang='lat' dir='ltr'><strong>perpessio.</strong></span> 
     </span>
    </p>

    <p class='ocr_par' dir='ltr' id='par_1_15' title="bbox 136 3230 2077 3456">
     <span class='ocr_line' id='line_1_33' title="bbox 237 3230 2077 3296; baseline -0.001 -15"><span class='ocrx_word' id='word_1_209' title='bbox 237 3244 280 3293; x_wconf 90' lang='lat'><strong>3.</strong></span> <span class='ocrx_word' id='word_1_210' title='bbox 315 3233 512 3281; x_wconf 86' lang='lat' dir='ltr'><strong>Tertius</strong></span> <span class='ocrx_word' id='word_1_211' title='bbox 563 3240 668 3291; x_wconf 86' lang='lat' dir='ltr'><strong>est,</strong></span> <span class='ocrx_word' id='word_1_212' title='bbox 721 3240 1018 3296; x_wconf 81' lang='lat' dir='ltr'><strong>contemptus</strong></span> <span class='ocrx_word' id='word_1_213' title='bbox 1065 3233 1217 3281; x_wconf 80' lang='lat' dir='ltr'><strong>huius</strong></span> <span class='ocrx_word' id='word_1_214' title='bbox 1265 3232 1456 3285; x_wconf 78' lang='lat' dir='ltr'><strong>mundi.</strong></span> <span class='ocrx_word' id='word_1_215' title='bbox 1530 3231 1629 3292; x_wconf 86' lang='lat' dir='ltr'><strong>Qui</strong></span> <span class='ocrx_word' id='word_1_216' title='bbox 1682 3230 1819 3279; x_wconf 89' lang='lat' dir='ltr'><strong>enim</strong></span> <span class='ocrx_word' id='word_1_217' title='bbox 1874 3240 2077 3279; x_wconf 85' lang='lat' dir='ltr'><strong>aeterna</strong></span> 
     </span>
     <span class='ocr_line' id='line_1_34' title="bbox 137 3310 2077 3377; baseline 0 -18"><span class='ocrx_word' id='word_1_218' title='bbox 137 3313 406 3373; x_wconf 77' lang='lat' dir='ltr'><strong>considerat,</strong></span> <span class='ocrx_word' id='word_1_219' title='bbox 451 3312 584 3361; x_wconf 84' lang='lat' dir='ltr'><strong>clare</strong></span> <span class='ocrx_word' id='word_1_220' title='bbox 622 3312 776 3373; x_wconf 87' lang='lat' dir='ltr'><strong>videt,</strong></span> <span class='ocrx_word' id='word_1_221' title='bbox 815 3329 964 3377; x_wconf 84' lang='lat' dir='ltr'><strong>quam</strong></span> <span class='ocrx_word' id='word_1_222' title='bbox 1002 3312 1143 3377; x_wconf 82' lang='lat' dir='ltr'><strong>parvi</strong></span> <span class='ocrx_word' id='word_1_223' title='bbox 1182 3321 1232 3359; x_wconf 91' lang='lat' dir='ltr'><strong>et</strong></span> <span class='ocrx_word' id='word_1_224' title='bbox 1270 3310 1454 3361; x_wconf 87' lang='lat' dir='ltr'><strong>nullius</strong></span> <span class='ocrx_word' id='word_1_225' title='bbox 1492 3312 1731 3360; x_wconf 88' lang='lat' dir='ltr'><strong>momenti</strong></span> <span class='ocrx_word' id='word_1_226' title='bbox 1770 3311 1872 3360; x_wconf 89' lang='lat' dir='ltr'><strong>sint</strong></span> <span class='ocrx_word' id='word_1_227' title='bbox 1908 3311 2077 3359; x_wconf 86' lang='lat' dir='ltr'><strong>omnia</strong></span> 
     </span>
     <span class='ocr_line' id='line_1_35' title="bbox 136 3392 1307 3456; baseline 0.003 -19"><span class='ocrx_word' id='word_1_228' title='bbox 136 3392 417 3456; x_wconf 77' lang='lat' dir='ltr'><strong>temporalia,</strong></span> <span class='ocrx_word' id='word_1_229' title='bbox 455 3394 498 3441; x_wconf 87' lang='lat' dir='ltr'><strong>si</strong></span> <span class='ocrx_word' id='word_1_230' title='bbox 535 3407 647 3440; x_wconf 89' lang='lat' dir='ltr'><strong>cum</strong></span> <span class='ocrx_word' id='word_1_231' title='bbox 685 3393 900 3441; x_wconf 82' lang='lat' dir='ltr'><strong>aeternis</strong></span> <span class='ocrx_word' id='word_1_232' title='bbox 937 3400 1307 3456; x_wconf 87' lang='lat' dir='ltr'><strong>comparentur.</strong></span> 
     </span>
    </p>

    <p class='ocr_par' dir='ltr' id='par_1_16' title="bbox 1640 3476 1747 3538">
     <span class='ocr_line' id='line_1_36' title="bbox 1640 3476 1747 3538; baseline 0 -16"><span class='ocrx_word' id='word_1_233' title='bbox 1640 3489 1659 3522; x_wconf 91' lang='lat'>1</span> <span class='ocrx_word' id='word_1_234' title='bbox 1673 3488 1699 3538; x_wconf 86' lang='lat'>5</span> <span class='ocrx_word' id='word_1_235' title='bbox 1720 3476 1747 3505; x_wconf 71' lang='lat'><strong>¹·</strong></span> 
     </span>
    </p>
   </div>
  </div>
 </body>
</html>
