<?xml version="1.0" encoding="UTF-8"?>
<!DOCTYPE html PUBLIC "-//W3C//DTD XHTML 1.0 Transitional//EN"
    "http://www.w3.org/TR/xhtml1/DTD/xhtml1-transitional.dtd">
<html xmlns="http://www.w3.org/1999/xhtml" xml:lang="en" lang="en">
 <head>
  <title>
</title>
<meta http-equiv="Content-Type" content="text/html;charset=utf-8" />
  <meta name='ocr-system' content='tesseract 3.04.00' />
  <meta name='ocr-capabilities' content='ocr_page ocr_carea ocr_par ocr_line ocrx_word'/>
</head>
<body>
  <div class='ocr_page' id='page_1' title='image "./elementaphiloso01reingoog_0384.png"; bbox 0 0 2367 3850; ppageno 0'>
   <div class='ocr_carea' id='block_1_1' title="bbox 239 189 1613 252">
    <p class='ocr_par' dir='ltr' id='par_1_1' title="bbox 239 189 1613 252">
     <span class='ocr_line' id='line_1_1' title="bbox 239 189 1613 252; baseline -0.002 -16"><span class='ocrx_word' id='word_1_1' title='bbox 239 189 343 252; x_wconf 83' lang='lat'><strong>358</strong></span> <span class='ocrx_word' id='word_1_2' title='bbox 842 197 1075 236; x_wconf 63' lang='lat' dir='ltr'><strong>Ermca.</strong></span> <span class='ocrx_word' id='word_1_3' title='bbox 1135 197 1273 234; x_wconf 80' lang='lat' dir='ltr'>PARS</span> <span class='ocrx_word' id='word_1_4' title='bbox 1313 197 1613 234; x_wconf 57' lang='lat' dir='ltr'><strong>smmum.</strong></span> 
     </span>
    </p>
   </div>
   <div class='ocr_carea' id='block_1_2' title="bbox 238 343 2239 1229">
    <p class='ocr_par' dir='ltr' id='par_1_2' title="bbox 357 343 1703 421">
     <span class='ocr_line' id='line_1_2' title="bbox 357 343 1703 421; baseline -0.004 -13"><span class='ocrx_word' id='word_1_5' title='bbox 357 358 605 421; x_wconf 78' lang='lat' dir='ltr'><strong>Species.</strong></span> <span class='ocrx_word' id='word_1_6' title='bbox 689 347 919 406; x_wconf 88' lang='lat' dir='ltr'><strong>Bellum</strong></span> <span class='ocrx_word' id='word_1_7' title='bbox 962 348 1360 406; x_wconf 89' lang='lat' dir='ltr'><strong>communiter</strong></span> <span class='ocrx_word' id='word_1_8' title='bbox 1399 343 1703 405; x_wconf 84' lang='lat' dir='ltr'><strong>dividitur:</strong></span> 
     </span>
    </p>

    <p class='ocr_par' dir='ltr' id='par_1_3' title="bbox 364 433 2072 497">
     <span class='ocr_line' id='line_1_3' title="bbox 364 433 2072 497; baseline -0.003 0"><span class='ocrx_word' id='word_1_9' title='bbox 364 450 411 497; x_wconf 95' lang='lat'><strong>1.</strong></span> <span class='ocrx_word' id='word_1_10' title='bbox 456 437 716 496; x_wconf 84' lang='lat' dir='ltr'>Ratione</span> <span class='ocrx_word' id='word_1_11' title='bbox 757 439 1102 496; x_wconf 88' lang='lat' dir='ltr'><em>moralitatis</em></span> <span class='ocrx_word' id='word_1_12' title='bbox 1141 438 1267 496; x_wconf 88' lang='lat' dir='ltr'><strong>eius</strong></span> <span class='ocrx_word' id='word_1_13' title='bbox 1307 436 1370 494; x_wconf 93' lang='lat' dir='ltr'><strong>in</strong></span> <span class='ocrx_word' id='word_1_14' title='bbox 1411 435 1626 494; x_wconf 90' lang='lat' dir='ltr'><strong>iustum</strong></span> <span class='ocrx_word' id='word_1_15' title='bbox 1669 444 1730 494; x_wconf 92' lang='lat' dir='ltr'><strong>et</strong></span> <span class='ocrx_word' id='word_1_16' title='bbox 1770 433 2072 493; x_wconf 89' lang='lat' dir='ltr'><strong>iniustum.</strong></span> 
     </span>
    </p>

    <p class='ocr_par' dir='ltr' id='par_1_4' title="bbox 275 523 2033 602">
     <span class='ocr_line' id='line_1_4' title="bbox 275 523 2033 602; baseline -0.002 -17"><span class='ocrx_word' id='word_1_17' title='bbox 275 588 286 597; x_wconf 71' lang='grc'><strong><em>,</em></strong></span> <span class='ocrx_word' id='word_1_18' title='bbox 357 528 588 586; x_wconf 90' lang='lat' dir='ltr'><strong>Bellum</strong></span> <span class='ocrx_word' id='word_1_19' title='bbox 627 528 835 585; x_wconf 84' lang='lat' dir='ltr'><em>iustum</em></span> <span class='ocrx_word' id='word_1_20' title='bbox 875 526 1023 585; x_wconf 91' lang='lat' dir='ltr'><strong>illud</strong></span> <span class='ocrx_word' id='word_1_21' title='bbox 1065 537 1169 598; x_wconf 90' lang='lat' dir='ltr'><strong>est,</strong></span> <span class='ocrx_word' id='word_1_22' title='bbox 1217 526 1383 602; x_wconf 91' lang='lat' dir='ltr'><strong>quod</strong></span> <span class='ocrx_word' id='word_1_23' title='bbox 1424 527 1489 583; x_wconf 90' lang='lat' dir='ltr'><strong>fit</strong></span> <span class='ocrx_word' id='word_1_24' title='bbox 1530 543 1601 583; x_wconf 87' lang='lat' dir='ltr'><strong>ex</strong></span> <span class='ocrx_word' id='word_1_25' title='bbox 1641 523 1794 583; x_wconf 89' lang='lat' dir='ltr'><strong>iusta</strong></span> <span class='ocrx_word' id='word_1_26' title='bbox 1835 543 2033 582; x_wconf 89' lang='lat' dir='ltr'><strong>causa.</strong></span> 
     </span>
    </p>

    <p class='ocr_par' dir='ltr' id='par_1_5' title="bbox 358 611 2094 691">
     <span class='ocr_line' id='line_1_5' title="bbox 358 611 2094 691; baseline -0.001 -17"><span class='ocrx_word' id='word_1_27' title='bbox 358 617 589 676; x_wconf 90' lang='lat' dir='ltr'><strong>Bellum</strong></span> <span class='ocrx_word' id='word_1_28' title='bbox 629 617 915 685; x_wconf 86' lang='lat' dir='ltr'><em>iniustum,</em></span> <span class='ocrx_word' id='word_1_29' title='bbox 961 617 1127 691; x_wconf 91' lang='lat' dir='ltr'><strong>quod</strong></span> <span class='ocrx_word' id='word_1_30' title='bbox 1168 634 1242 674; x_wconf 86' lang='lat' dir='ltr'><strong>ex</strong></span> <span class='ocrx_word' id='word_1_31' title='bbox 1283 615 1498 674; x_wconf 88' lang='lat' dir='ltr'><strong>iniusta</strong></span> <span class='ocrx_word' id='word_1_32' title='bbox 1538 632 1716 673; x_wconf 89' lang='lat' dir='ltr'><strong>causa</strong></span> <span class='ocrx_word' id='word_1_33' title='bbox 1758 611 2094 690; x_wconf 87' lang='lat' dir='ltr'><strong>suscipitur.</strong></span> 
     </span>
    </p>

    <p class='ocr_par' dir='ltr' id='par_1_6' title="bbox 362 702 1947 781">
     <span class='ocr_line' id='line_1_6' title="bbox 362 702 1947 781; baseline -0.001 -17"><span class='ocrx_word' id='word_1_34' title='bbox 362 726 414 764; x_wconf 87' lang='lat'><strong>2.</strong></span> <span class='ocrx_word' id='word_1_35' title='bbox 457 707 718 764; x_wconf 87' lang='lat' dir='ltr'><strong>Ratione</strong></span> <span class='ocrx_word' id='word_1_36' title='bbox 742 707 910 781; x_wconf 87' lang='lat' dir='ltr'><em>finis,</em></span> <span class='ocrx_word' id='word_1_37' title='bbox 952 704 1016 764; x_wconf 89' lang='lat' dir='ltr'><strong>in</strong></span> <span class='ocrx_word' id='word_1_38' title='bbox 1058 705 1433 765; x_wconf 89' lang='lat' dir='ltr'><strong>defensivum</strong></span> <span class='ocrx_word' id='word_1_39' title='bbox 1474 712 1535 763; x_wconf 88' lang='lat' dir='ltr'><strong>et</strong></span> <span class='ocrx_word' id='word_1_40' title='bbox 1575 702 1947 763; x_wconf 88' lang='lat' dir='ltr'><strong>offensivum.</strong></span> 
     </span>
    </p>

    <p class='ocr_par' dir='ltr' id='par_1_7' title="bbox 238 791 2239 1050">
     <span class='ocr_line' id='line_1_7' title="bbox 358 791 2238 870; baseline -0.002 -16"><span class='ocrx_word' id='word_1_41' title='bbox 358 796 588 854; x_wconf 89' lang='lat' dir='ltr'><strong>Bellum</strong></span> <span class='ocrx_word' id='word_1_42' title='bbox 628 795 999 870; x_wconf 85' lang='lat' dir='ltr'><em>defensivum,</em></span> <span class='ocrx_word' id='word_1_43' title='bbox 1043 795 1090 854; x_wconf 91' lang='lat' dir='ltr'><strong>si</strong></span> <span class='ocrx_word' id='word_1_44' title='bbox 1133 813 1310 854; x_wconf 89' lang='lat' dir='ltr'><strong>sensu</strong></span> <span class='ocrx_word' id='word_1_45' title='bbox 1351 793 1555 852; x_wconf 88' lang='lat' dir='ltr'><strong>stricto</strong></span> <span class='ocrx_word' id='word_1_46' title='bbox 1595 794 1749 851; x_wconf 87' lang='lat' dir='ltr'><strong>haec</strong></span> <span class='ocrx_word' id='word_1_47' title='bbox 1788 810 1908 850; x_wconf 87' lang='lat' dir='ltr'><strong>vox</strong></span> <span class='ocrx_word' id='word_1_48' title='bbox 1956 791 2238 864; x_wconf 89' lang='lat' dir='ltr'><strong>sumitur,</strong></span> 
     </span>
     <span class='ocr_line' id='line_1_8' title="bbox 238 881 2239 960; baseline -0.001 -18"><span class='ocrx_word' id='word_1_49' title='bbox 238 883 383 942; x_wconf 91' lang='lat' dir='ltr'><strong>illud</strong></span> <span class='ocrx_word' id='word_1_50' title='bbox 424 895 528 956; x_wconf 88' lang='lat' dir='ltr'><strong>est,</strong></span> <span class='ocrx_word' id='word_1_51' title='bbox 574 885 741 959; x_wconf 91' lang='lat' dir='ltr'><strong>quod</strong></span> <span class='ocrx_word' id='word_1_52' title='bbox 783 884 1026 960; x_wconf 86' lang='lat' dir='ltr'><strong>suscipit</strong></span> <span class='ocrx_word' id='word_1_53' title='bbox 1067 901 1215 960; x_wconf 89' lang='lat' dir='ltr'><strong>gens</strong></span> <span class='ocrx_word' id='word_1_54' title='bbox 1258 883 1334 942; x_wconf 91' lang='lat' dir='ltr'><strong>ad</strong></span> <span class='ocrx_word' id='word_1_55' title='bbox 1385 881 1662 941; x_wconf 89' lang='lat' dir='ltr'><strong>iniuriam</strong></span> <span class='ocrx_word' id='word_1_56' title='bbox 1709 884 2090 941; x_wconf 81' lang='lat' dir='ltr'><em>imminentem</em></span> <span class='ocrx_word' id='word_1_57' title='bbox 2134 884 2239 940; x_wconf 88' lang='lat' dir='ltr'><strong>vel</strong></span> 
     </span>
     <span class='ocr_line' id='line_1_9' title="bbox 238 968 1846 1050; baseline -0.001 -18"><span class='ocrx_word' id='word_1_58' title='bbox 238 977 354 1032; x_wconf 85' lang='lat' dir='ltr'><strong>iam</strong></span> <span class='ocrx_word' id='word_1_59' title='bbox 395 982 637 1050; x_wconf 84' lang='lat' dir='ltr'><strong>coeptam</strong></span> <span class='ocrx_word' id='word_1_60' title='bbox 680 968 976 1050; x_wconf 89' lang='lat' dir='ltr'><strong>(iniuriam</strong></span> <span class='ocrx_word' id='word_1_61' title='bbox 1018 976 1079 1032; x_wconf 93' lang='lat' dir='ltr'><em>in</em></span> <span class='ocrx_word' id='word_1_62' title='bbox 1103 969 1273 1049; x_wconf 82' lang='lat' dir='ltr'><strong>fieri)</strong></span> <span class='ocrx_word' id='word_1_63' title='bbox 1317 993 1354 1031; x_wconf 89' lang='lat' dir='ltr'><strong>a</strong></span> <span class='ocrx_word' id='word_1_64' title='bbox 1396 992 1460 1032; x_wconf 89' lang='lat' dir='ltr'><strong>se</strong></span> <span class='ocrx_word' id='word_1_65' title='bbox 1506 971 1846 1030; x_wconf 86' lang='lat' dir='ltr'><strong>arcendam.</strong></span> 
     </span>
    </p>

    <p class='ocr_par' dir='ltr' id='par_1_8' title="bbox 241 1060 2238 1229">
     <span class='ocr_line' id='line_1_10' title="bbox 358 1060 2238 1139; baseline -0.002 -18"><span class='ocrx_word' id='word_1_66' title='bbox 358 1064 589 1122; x_wconf 90' lang='lat' dir='ltr'><strong>Bellum</strong></span> <span class='ocrx_word' id='word_1_67' title='bbox 629 1081 775 1122; x_wconf 87' lang='lat' dir='ltr'><strong>vero</strong></span> <span class='ocrx_word' id='word_1_68' title='bbox 817 1063 1156 1139; x_wconf 84' lang='lat' dir='ltr'><em>offensivum</em></span> <span class='ocrx_word' id='word_1_69' title='bbox 1196 1061 1438 1139; x_wconf 85' lang='lat' dir='ltr'>geritur,</span> <span class='ocrx_word' id='word_1_70' title='bbox 1496 1071 1560 1119; x_wconf 91' lang='lat' dir='ltr'><strong>ut</strong></span> <span class='ocrx_word' id='word_1_71' title='bbox 1613 1060 1830 1118; x_wconf 89' lang='lat' dir='ltr'><strong>iniuria</strong></span> <span class='ocrx_word' id='word_1_72' title='bbox 1885 1061 2004 1118; x_wconf 87' lang='lat' dir='ltr'><strong>iam</strong></span> <span class='ocrx_word' id='word_1_73' title='bbox 2046 1060 2238 1136; x_wconf 81' lang='lat' dir='ltr'><em>facta</em></span> 
     </span>
     <span class='ocr_line' id='line_1_11' title="bbox 241 1150 1114 1229; baseline 0 -18"><span class='ocrx_word' id='word_1_74' title='bbox 241 1150 574 1212; x_wconf 87' lang='lat' dir='ltr'><strong>vindicetur</strong></span> <span class='ocrx_word' id='word_1_75' title='bbox 614 1155 709 1212; x_wconf 91' lang='lat' dir='ltr'><strong>vel</strong></span> <span class='ocrx_word' id='word_1_76' title='bbox 750 1162 1058 1229; x_wconf 85' lang='lat' dir='ltr'><strong>reparetur</strong></span> <span class='ocrx_word' id='word_1_77' title='bbox 1081 1153 1114 1211; x_wconf 90' lang='lat'><strong>¹.</strong></span> 
     </span>
    </p>
   </div>
   <div class='ocr_carea' id='block_1_3' title="bbox 858 1318 1592 1387">
    <p class='ocr_par' dir='ltr' id='par_1_9' title="bbox 858 1318 1592 1387">
     <span class='ocr_line' id='line_1_12' title="bbox 858 1318 1592 1387; baseline -0.001 -16"><span class='ocrx_word' id='word_1_78' title='bbox 858 1318 893 1387; x_wconf 62' lang='grc' dir='ltr'>ἓ</span> <span class='ocrx_word' id='word_1_79' title='bbox 934 1335 979 1373; x_wconf 88' lang='lat'><strong>2.</strong></span> <span class='ocrx_word' id='word_1_80' title='bbox 1040 1325 1126 1372; x_wconf 86' lang='lat' dir='ltr'><strong>De</strong></span> <span class='ocrx_word' id='word_1_81' title='bbox 1162 1322 1407 1372; x_wconf 80' lang='lat' dir='ltr'><strong>liceitate</strong></span> <span class='ocrx_word' id='word_1_82' title='bbox 1445 1320 1592 1370; x_wconf 84' lang='lat' dir='ltr'><strong>belli.</strong></span> 
     </span>
    </p>
   </div>
   <div class='ocr_carea' id='block_1_4' title="bbox 241 1443 2234 2774">
    <p class='ocr_par' dir='ltr' id='par_1_10' title="bbox 241 1443 2233 1610">
     <span class='ocr_line' id='line_1_13' title="bbox 359 1443 2233 1516; baseline -0.001 -14"><span class='ocrx_word' id='word_1_83' title='bbox 359 1455 581 1504; x_wconf 82' lang='lat' dir='ltr'><strong>Thesis.</strong></span> <span class='ocrx_word' id='word_1_84' title='bbox 646 1445 894 1516; x_wconf 85' lang='lat' dir='ltr'><em>Bellum,</em></span> <span class='ocrx_word' id='word_1_85' title='bbox 922 1446 1119 1503; x_wconf 86' lang='lat' dir='ltr'><em>debitis</em></span> <span class='ocrx_word' id='word_1_86' title='bbox 1144 1445 1388 1504; x_wconf 79' lang='lat' dir='ltr'><em>servatis</em></span> <span class='ocrx_word' id='word_1_87' title='bbox 1414 1444 1836 1514; x_wconf 83' lang='lat' dir='ltr'><em>condicionibus,</em></span> <span class='ocrx_word' id='word_1_88' title='bbox 1865 1443 2233 1502; x_wconf 75' lang='lat' dir='ltr'><em>inhonestum</em></span> 
     </span>
     <span class='ocr_line' id='line_1_14' title="bbox 241 1533 729 1610; baseline 0.004 -20"><span class='ocrx_word' id='word_1_89' title='bbox 241 1533 353 1590; x_wconf 87' lang='lat' dir='ltr'><em>dici</em></span> <span class='ocrx_word' id='word_1_90' title='bbox 388 1554 500 1592; x_wconf 88' lang='lat' dir='ltr'><strong>non</strong></span> <span class='ocrx_word' id='word_1_91' title='bbox 530 1541 729 1610; x_wconf 84' lang='lat' dir='ltr'><strong>potest.</strong></span> 
     </span>
    </p>

    <p class='ocr_par' dir='ltr' id='par_1_11' title="bbox 243 1621 2234 1878">
     <span class='ocr_line' id='line_1_15' title="bbox 366 1621 2234 1698; baseline -0.002 -15"><span class='ocrx_word' id='word_1_92' title='bbox 366 1634 557 1683; x_wconf 81' lang='lat' dir='ltr'><strong>Status</strong></span> <span class='ocrx_word' id='word_1_93' title='bbox 596 1632 965 1696; x_wconf 79' lang='lat' dir='ltr'><strong>quaestionis.</strong></span> <span class='ocrx_word' id='word_1_94' title='bbox 1045 1624 1136 1680; x_wconf 83' lang='lat' dir='ltr'><strong>Ex</strong></span> <span class='ocrx_word' id='word_1_95' title='bbox 1190 1621 1260 1681; x_wconf 85' lang='lat' dir='ltr'><strong>iis</strong></span> <span class='ocrx_word' id='word_1_96' title='bbox 1317 1638 1472 1698; x_wconf 89' lang='lat' dir='ltr'><strong>quae</strong></span> <span class='ocrx_word' id='word_1_97' title='bbox 1527 1621 1749 1681; x_wconf 89' lang='lat' dir='ltr'><strong>servari</strong></span> <span class='ocrx_word' id='word_1_98' title='bbox 1801 1621 2031 1680; x_wconf 89' lang='lat' dir='ltr'><strong>debent</strong></span> <span class='ocrx_word' id='word_1_99' title='bbox 2085 1640 2234 1680; x_wconf 90' lang='lat' dir='ltr'><strong>con·</strong></span> 
     </span>
     <span class='ocr_line' id='line_1_16' title="bbox 244 1709 2230 1788; baseline -0.002 -17"><span class='ocrx_word' id='word_1_100' title='bbox 244 1712 575 1772; x_wconf 91' lang='lat' dir='ltr'><strong>dicionibus</strong></span> <span class='ocrx_word' id='word_1_101' title='bbox 616 1713 767 1772; x_wconf 89' lang='lat' dir='ltr'><strong>aliae</strong></span> <span class='ocrx_word' id='word_1_102' title='bbox 798 1713 1175 1788; x_wconf 85' lang='lat' dir='ltr'><strong>requiruntur</strong></span> <span class='ocrx_word' id='word_1_103' title='bbox 1204 1713 1265 1769; x_wconf 91' lang='lat' dir='ltr'><strong>in</strong></span> <span class='ocrx_word' id='word_1_104' title='bbox 1293 1713 1454 1770; x_wconf 91' lang='lat' dir='ltr'><strong>bello</strong></span> <span class='ocrx_word' id='word_1_105' title='bbox 1485 1710 1898 1787; x_wconf 76' lang='lat' dir='ltr'><strong>suscipiend03</strong></span> <span class='ocrx_word' id='word_1_106' title='bbox 1943 1709 2117 1783; x_wconf 86' lang='lat' dir='ltr'><strong>aliae,</strong></span> <span class='ocrx_word' id='word_1_107' title='bbox 2163 1709 2230 1767; x_wconf 92' lang='lat' dir='ltr'><strong>in</strong></span> 
     </span>
     <span class='ocr_line' id='line_1_17' title="bbox 243 1802 731 1878; baseline 0.004 -19"><span class='ocrx_word' id='word_1_108' title='bbox 243 1802 403 1860; x_wconf 89' lang='lat' dir='ltr'><strong>bello</strong></span> <span class='ocrx_word' id='word_1_109' title='bbox 444 1803 731 1878; x_wconf 82' lang='lat' dir='ltr'><strong>gerendo,</strong></span> 
     </span>
    </p>

    <p class='ocr_par' dir='ltr' id='par_1_12' title="bbox 243 1888 2230 2056">
     <span class='ocr_line' id='line_1_18' title="bbox 362 1888 2230 1969; baseline -0.002 -19"><span class='ocrx_word' id='word_1_110' title='bbox 362 1893 408 1950; x_wconf 93' lang='lat' dir='ltr'><strong>I.</strong></span> <span class='ocrx_word' id='word_1_111' title='bbox 465 1893 539 1949; x_wconf 92' lang='lat' dir='ltr'><strong>In</strong></span> <span class='ocrx_word' id='word_1_112' title='bbox 586 1893 747 1951; x_wconf 90' lang='lat' dir='ltr'><strong>bello</strong></span> <span class='ocrx_word' id='word_1_113' title='bbox 788 1892 1127 1969; x_wconf 83' lang='lat' dir='ltr'><em>suscipiendo</em></span> <span class='ocrx_word' id='word_1_114' title='bbox 1179 1900 1300 1950; x_wconf 88' lang='lat' dir='ltr'><strong>tres</strong></span> <span class='ocrx_word' id='word_1_115' title='bbox 1354 1889 1684 1950; x_wconf 88' lang='lat' dir='ltr'><strong>secundum</strong></span> <span class='ocrx_word' id='word_1_116' title='bbox 1741 1889 1798 1949; x_wconf 88' lang='lat' dir='ltr'><strong>S.</strong></span> <span class='ocrx_word' id='word_1_117' title='bbox 1844 1889 2186 1949; x_wconf 89' lang='lat' dir='ltr'><strong>Doctorem</strong></span> <span class='ocrx_word' id='word_1_118' title='bbox 2207 1888 2230 1921; x_wconf 78' lang='lat'>²</span> 
     </span>
     <span class='ocr_line' id='line_1_19' title="bbox 243 1981 986 2056; baseline 0.003 -17"><span class='ocrx_word' id='word_1_119' title='bbox 243 1981 635 2056; x_wconf 89' lang='lat' dir='ltr'><strong>requiruntur,</strong></span> <span class='ocrx_word' id='word_1_120' title='bbox 679 1983 986 2041; x_wconf 88' lang='lat' dir='ltr'><strong>nimirum:</strong></span> 
     </span>
    </p>

    <p class='ocr_par' dir='ltr' id='par_1_13' title="bbox 243 2068 2233 2505">
     <span class='ocr_line' id='line_1_20' title="bbox 372 2068 2231 2148; baseline -0.001 -20"><span class='ocrx_word' id='word_1_121' title='bbox 372 2092 419 2131; x_wconf 92' lang='lat'><strong>1.</strong></span> <span class='ocrx_word' id='word_1_122' title='bbox 450 2072 780 2130; x_wconf 81' lang='lat' dir='ltr'><em>Auctoritas</em></span> <span class='ocrx_word' id='word_1_123' title='bbox 805 2080 1097 2148; x_wconf 79' lang='lat' dir='ltr'><strong>suprema:</strong></span> <span class='ocrx_word' id='word_1_124' title='bbox 1132 2088 1290 2129; x_wconf 91' lang='lat' dir='ltr'><strong>«non</strong></span> <span class='ocrx_word' id='word_1_125' title='bbox 1321 2069 1483 2129; x_wconf 91' lang='lat' dir='ltr'><strong>enim</strong></span> <span class='ocrx_word' id='word_1_126' title='bbox 1509 2068 1769 2145; x_wconf 89' lang='lat' dir='ltr'><strong>pertinet</strong></span> <span class='ocrx_word' id='word_1_127' title='bbox 1796 2068 1875 2126; x_wconf 89' lang='lat' dir='ltr'><strong>ad</strong></span> <span class='ocrx_word' id='word_1_128' title='bbox 1897 2087 2231 2143; x_wconf 87' lang='lat' dir='ltr'><strong>personam</strong></span> 
     </span>
     <span class='ocr_line' id='line_1_21' title="bbox 243 2157 2230 2236; baseline -0.001 -19"><span class='ocrx_word' id='word_1_129' title='bbox 243 2159 533 2236; x_wconf 89' lang='lat' dir='ltr'><strong>privatam</strong></span> <span class='ocrx_word' id='word_1_130' title='bbox 569 2162 792 2221; x_wconf 89' lang='lat' dir='ltr'><strong>bellum</strong></span> <span class='ocrx_word' id='word_1_131' title='bbox 832 2178 1093 2232; x_wconf 87' lang='lat' dir='ltr'><strong>movere,</strong></span> <span class='ocrx_word' id='word_1_132' title='bbox 1141 2161 1281 2235; x_wconf 88' lang='lat' dir='ltr'><strong>quia</strong></span> <span class='ocrx_word' id='word_1_133' title='bbox 1321 2169 1517 2235; x_wconf 89' lang='lat' dir='ltr'><strong>potest</strong></span> <span class='ocrx_word' id='word_1_134' title='bbox 1556 2158 1646 2217; x_wconf 89' lang='lat' dir='ltr'><strong>ius</strong></span> <span class='ocrx_word' id='word_1_135' title='bbox 1689 2176 1857 2216; x_wconf 87' lang='lat' dir='ltr'><strong>suum</strong></span> <span class='ocrx_word' id='word_1_136' title='bbox 1898 2158 1963 2215; x_wconf 92' lang='lat' dir='ltr'><strong>in</strong></span> <span class='ocrx_word' id='word_1_137' title='bbox 2003 2157 2230 2217; x_wconf 90' lang='lat' dir='ltr'><strong>iudicio</strong></span> 
     </span>
     <span class='ocr_line' id='line_1_22' title="bbox 245 2246 2233 2326; baseline -0.002 -19"><span class='ocrx_word' id='word_1_138' title='bbox 245 2250 563 2325; x_wconf 90' lang='lat' dir='ltr'><strong>superioris</strong></span> <span class='ocrx_word' id='word_1_139' title='bbox 605 2252 902 2326; x_wconf 89' lang='lat' dir='ltr'><strong>prosequi.</strong></span> <span class='ocrx_word' id='word_1_140' title='bbox 983 2248 1264 2308; x_wconf 89' lang='lat' dir='ltr'><strong>Similiter</strong></span> <span class='ocrx_word' id='word_1_141' title='bbox 1307 2248 1484 2308; x_wconf 89' lang='lat' dir='ltr'><strong>etiam</strong></span> <span class='ocrx_word' id='word_1_142' title='bbox 1527 2265 1865 2307; x_wconf 86' lang='lat' dir='ltr'><strong>convocare</strong></span> <span class='ocrx_word' id='word_1_143' title='bbox 1907 2246 2233 2307; x_wconf 91' lang='lat' dir='ltr'><strong>multitudi-</strong></span> 
     </span>
     <span class='ocr_line' id='line_1_23' title="bbox 245 2336 2230 2415; baseline -0.002 -17"><span class='ocrx_word' id='word_1_144' title='bbox 245 2358 403 2412; x_wconf 89' lang='lat' dir='ltr'><strong>nem,</strong></span> <span class='ocrx_word' id='word_1_145' title='bbox 449 2340 612 2415; x_wconf 91' lang='lat' dir='ltr'><strong>quod</strong></span> <span class='ocrx_word' id='word_1_146' title='bbox 666 2340 729 2398; x_wconf 90' lang='lat' dir='ltr'><strong>in</strong></span> <span class='ocrx_word' id='word_1_147' title='bbox 782 2340 954 2399; x_wconf 88' lang='lat' dir='ltr'><strong>bellis</strong></span> <span class='ocrx_word' id='word_1_148' title='bbox 1010 2349 1249 2414; x_wconf 88' lang='lat' dir='ltr'><strong>oportet</strong></span> <span class='ocrx_word' id='word_1_149' title='bbox 1304 2338 1449 2410; x_wconf 90' lang='lat' dir='ltr'><strong>fieri,</strong></span> <span class='ocrx_word' id='word_1_150' title='bbox 1504 2357 1631 2396; x_wconf 90' lang='lat' dir='ltr'><strong>non</strong></span> <span class='ocrx_word' id='word_1_151' title='bbox 1675 2336 1934 2412; x_wconf 89' lang='lat' dir='ltr'><strong>pertinet</strong></span> <span class='ocrx_word' id='word_1_152' title='bbox 1976 2337 2056 2395; x_wconf 91' lang='lat' dir='ltr'><strong>ad</strong></span> <span class='ocrx_word' id='word_1_153' title='bbox 2115 2336 2230 2413; x_wconf 92' lang='lat' dir='ltr'><strong>pri-</strong></span> 
     </span>
     <span class='ocr_line' id='line_1_24' title="bbox 244 2430 907 2505; baseline 0.002 -18"><span class='ocrx_word' id='word_1_154' title='bbox 244 2439 442 2488; x_wconf 88' lang='lat' dir='ltr'><strong>vatam</strong></span> <span class='ocrx_word' id='word_1_155' title='bbox 484 2448 858 2505; x_wconf 86' lang='lat' dir='ltr'><strong>personam.»</strong></span> <span class='ocrx_word' id='word_1_156' title='bbox 886 2430 907 2463; x_wconf 76' lang='lat'><strong>⁸</strong></span> 
     </span>
    </p>

    <p class='ocr_par' dir='ltr' id='par_1_14' title="bbox 371 2515 2228 2593">
     <span class='ocr_line' id='line_1_25' title="bbox 371 2515 2228 2593; baseline -0.001 -16"><span class='ocrx_word' id='word_1_157' title='bbox 371 2540 422 2578; x_wconf 91' lang='lat'><strong>2.</strong></span> <span class='ocrx_word' id='word_1_158' title='bbox 474 2520 663 2577; x_wconf 83' lang='lat' dir='ltr'><em>Causa</em></span> <span class='ocrx_word' id='word_1_159' title='bbox 703 2522 854 2577; x_wconf 85' lang='lat' dir='ltr'><em>iusta</em></span> <span class='ocrx_word' id='word_1_160' title='bbox 903 2526 960 2575; x_wconf 87' lang='lat' dir='ltr'><strong>et</strong></span> <span class='ocrx_word' id='word_1_161' title='bbox 996 2519 1325 2591; x_wconf 78' lang='lat' dir='ltr'><em>necessaria,</em></span> <span class='ocrx_word' id='word_1_162' title='bbox 1370 2534 1526 2593; x_wconf 89' lang='lat' dir='ltr'><strong>quae</strong></span> <span class='ocrx_word' id='word_1_163' title='bbox 1567 2525 1766 2593; x_wconf 89' lang='lat' dir='ltr'><strong>potest</strong></span> <span class='ocrx_word' id='word_1_164' title='bbox 1808 2533 1937 2575; x_wconf 91' lang='lat' dir='ltr'><strong>esse</strong></span> <span class='ocrx_word' id='word_1_165' title='bbox 1979 2515 2228 2593; x_wconf 87' lang='lat' dir='ltr'><strong>triplex:</strong></span> 
     </span>
    </p>

    <p class='ocr_par' dir='ltr' id='par_1_15' title="bbox 249 2602 2232 2774">
     <span class='ocr_line' id='line_1_26' title="bbox 374 2602 2232 2684; baseline -0.002 -17"><span class='ocrx_word' id='word_1_166' title='bbox 374 2627 400 2659; x_wconf 89' lang='lat'>«</span> <span class='ocrx_word' id='word_1_167' title='bbox 418 2602 473 2683; x_wconf 90' lang='lat' dir='ltr'><strong>a)</strong></span> <span class='ocrx_word' id='word_1_168' title='bbox 517 2609 801 2683; x_wconf 83' lang='lat' dir='ltr'><strong>Defensio</strong></span> <span class='ocrx_word' id='word_1_169' title='bbox 843 2619 1055 2667; x_wconf 92' lang='lat' dir='ltr'><strong>contra</strong></span> <span class='ocrx_word' id='word_1_170' title='bbox 1095 2608 1540 2684; x_wconf 87' lang='lat' dir='ltr'><strong>aggressionem</strong></span> <span class='ocrx_word' id='word_1_171' title='bbox 1591 2608 1884 2666; x_wconf 87' lang='lat' dir='ltr'><strong>actualem</strong></span> <span class='ocrx_word' id='word_1_172' title='bbox 1923 2606 2232 2665; x_wconf 87' lang='lat' dir='ltr'><strong>bonorum</strong></span> 
     </span>
     <span class='ocr_line' id='line_1_27' title="bbox 249 2695 1586 2774; baseline 0 -19"><span class='ocrx_word' id='word_1_173' title='bbox 249 2699 342 2757; x_wconf 90' lang='lat' dir='ltr'><strong>vel</strong></span> <span class='ocrx_word' id='word_1_174' title='bbox 382 2698 536 2757; x_wconf 90' lang='lat' dir='ltr'><strong>vitae</strong></span> <span class='ocrx_word' id='word_1_175' title='bbox 579 2699 948 2758; x_wconf 90' lang='lat' dir='ltr'><strong>subditorum</strong></span> <span class='ocrx_word' id='word_1_176' title='bbox 990 2717 1064 2758; x_wconf 88' lang='lat' dir='ltr'><strong>ex</strong></span> <span class='ocrx_word' id='word_1_177' title='bbox 1103 2708 1272 2774; x_wconf 90' lang='lat' dir='ltr'><strong>parte</strong></span> <span class='ocrx_word' id='word_1_178' title='bbox 1313 2695 1586 2755; x_wconf 88' lang='lat' dir='ltr'><strong>hostiurn.</strong></span> 
     </span>
    </p>
   </div>
   <div class='ocr_carea' id='block_1_5' title="bbox 248 2906 2233 3454">
    <p class='ocr_par' dir='ltr' id='par_1_16' title="bbox 248 2906 2233 3375">
     <span class='ocr_line' id='line_1_28' title="bbox 372 2906 2232 2975; baseline 0 -18"><span class='ocrx_word' id='word_1_179' title='bbox 372 2907 390 2939; x_wconf 87' lang='lat'><strong>¹</strong></span> <span class='ocrx_word' id='word_1_180' title='bbox 439 2910 646 2975; x_wconf 88' lang='lat' dir='ltr'><strong>Vulgari</strong></span> <span class='ocrx_word' id='word_1_181' title='bbox 696 2927 927 2960; x_wconf 87' lang='lat' dir='ltr'><strong>sermone</strong></span> <span class='ocrx_word' id='word_1_182' title='bbox 977 2911 1167 2960; x_wconf 88' lang='lat' dir='ltr'><strong>bellum</strong></span> <span class='ocrx_word' id='word_1_183' title='bbox 1220 2910 1532 2960; x_wconf 85' lang='lat' dir='ltr'><strong>defensivum</strong></span> <span class='ocrx_word' id='word_1_184' title='bbox 1583 2919 1634 2960; x_wconf 91' lang='lat' dir='ltr'><strong>et</strong></span> <span class='ocrx_word' id='word_1_185' title='bbox 1684 2908 1872 2959; x_wconf 90' lang='lat' dir='ltr'><strong>bellum</strong></span> <span class='ocrx_word' id='word_1_186' title='bbox 1924 2906 2232 2957; x_wconf 82' lang='lat' dir='ltr'><strong>offensivum</strong></span> 
     </span>
     <span class='ocr_line' id='line_1_29' title="bbox 249 2989 2233 3056; baseline -0.002 -17"><span class='ocrx_word' id='word_1_187' title='bbox 249 2991 411 3039; x_wconf 90' lang='lat' dir='ltr'><strong>minus</strong></span> <span class='ocrx_word' id='word_1_188' title='bbox 450 2992 619 3040; x_wconf 89' lang='lat' dir='ltr'><strong>stricte</strong></span> <span class='ocrx_word' id='word_1_189' title='bbox 669 2993 739 3041; x_wconf 87' lang='lat' dir='ltr'><strong>sic</strong></span> <span class='ocrx_word' id='word_1_190' title='bbox 791 2992 1124 3041; x_wconf 90' lang='lat' dir='ltr'><strong>definiuntur:</strong></span> <span class='ocrx_word' id='word_1_191' title='bbox 1184 2991 1360 3040; x_wconf 78' lang='lat' dir='ltr'><strong>«celui</strong></span> <span class='ocrx_word' id='word_1_192' title='bbox 1412 2989 1498 3056; x_wconf 89' lang='lat' dir='ltr'><strong>qui</strong></span> <span class='ocrx_word' id='word_1_193' title='bbox 1549 2991 1716 3055; x_wconf 87' lang='lat' dir='ltr'><strong>prend</strong></span> <span class='ocrx_word' id='word_1_194' title='bbox 1766 2990 1840 3038; x_wconf 88' lang='lat' dir='ltr'><strong>les</strong></span> <span class='ocrx_word' id='word_1_195' title='bbox 1884 3005 2048 3037; x_wconf 85' lang='lat' dir='ltr'><strong>armes</strong></span> <span class='ocrx_word' id='word_1_196' title='bbox 2097 3005 2233 3053; x_wconf 90' lang='lat' dir='ltr'><strong>pour</strong></span> 
     </span>
     <span class='ocr_line' id='line_1_30' title="bbox 248 3067 2232 3139; baseline -0.001 -20"><span class='ocrx_word' id='word_1_197' title='bbox 248 3087 516 3137; x_wconf 90' lang='lat' dir='ltr'><strong>repousser</strong></span> <span class='ocrx_word' id='word_1_198' title='bbox 548 3089 615 3121; x_wconf 93' lang='lat' dir='ltr'><strong>un</strong></span> <span class='ocrx_word' id='word_1_199' title='bbox 654 3074 853 3122; x_wconf 87' lang='lat' dir='ltr'><strong>ennemi</strong></span> <span class='ocrx_word' id='word_1_200' title='bbox 893 3073 977 3139; x_wconf 89' lang='lat' dir='ltr'><strong>qui</strong></span> <span class='ocrx_word' id='word_1_201' title='bbox 1013 3072 1269 3137; x_wconf 79' lang='lat' dir='ltr'><strong>l&#39;attaque,</strong></span> <span class='ocrx_word' id='word_1_202' title='bbox 1309 3072 1400 3121; x_wconf 84' lang='lat' dir='ltr'><strong>fait</strong></span> <span class='ocrx_word' id='word_1_203' title='bbox 1431 3087 1530 3119; x_wconf 89' lang='lat' dir='ltr'><strong>une</strong></span> <span class='ocrx_word' id='word_1_204' title='bbox 1559 3087 1743 3135; x_wconf 88' lang='lat' dir='ltr'><strong>guerre</strong></span> <span class='ocrx_word' id='word_1_205' title='bbox 1768 3067 2026 3134; x_wconf 80' lang='lat' dir='ltr'><strong>de&#39;fensive.</strong></span> <span class='ocrx_word' id='word_1_206' title='bbox 2081 3069 2232 3118; x_wconf 90' lang='lat' dir='ltr'><strong>Celui</strong></span> 
     </span>
     <span class='ocr_line' id='line_1_31' title="bbox 250 3149 2233 3219; baseline -0.001 -19"><span class='ocrx_word' id='word_1_207' title='bbox 250 3152 334 3216; x_wconf 90' lang='lat' dir='ltr'><strong>qui</strong></span> <span class='ocrx_word' id='word_1_208' title='bbox 370 3154 535 3217; x_wconf 90' lang='lat' dir='ltr'><strong>prend</strong></span> <span class='ocrx_word' id='word_1_209' title='bbox 584 3153 658 3202; x_wconf 87' lang='lat' dir='ltr'><strong>les</strong></span> <span class='ocrx_word' id='word_1_210' title='bbox 696 3170 857 3203; x_wconf 88' lang='lat' dir='ltr'><strong>armes</strong></span> <span class='ocrx_word' id='word_1_211' title='bbox 894 3153 941 3202; x_wconf 88' lang='lat' dir='ltr'><strong>le</strong></span> <span class='ocrx_word' id='word_1_212' title='bbox 980 3153 1199 3219; x_wconf 86' lang='lat' dir='ltr'><strong>premier</strong></span> <span class='ocrx_word' id='word_1_213' title='bbox 1235 3162 1284 3201; x_wconf 92' lang='lat' dir='ltr'><strong>et</strong></span> <span class='ocrx_word' id='word_1_214' title='bbox 1323 3160 1522 3217; x_wconf 85' lang='lat' dir='ltr'><strong>attaque</strong></span> <span class='ocrx_word' id='word_1_215' title='bbox 1559 3168 1657 3201; x_wconf 87' lang='lat' dir='ltr'><strong>une</strong></span> <span class='ocrx_word' id='word_1_216' title='bbox 1710 3150 1882 3200; x_wconf 88' lang='lat' dir='ltr'><strong>nation</strong></span> <span class='ocrx_word' id='word_1_217' title='bbox 1936 3149 2023 3215; x_wconf 91' lang='lat' dir='ltr'><strong>qui</strong></span> <span class='ocrx_word' id='word_1_218' title='bbox 2074 3150 2233 3199; x_wconf 80' lang='lat' dir='ltr'><strong>vivait</strong></span> 
     </span>
     <span class='ocr_line' id='line_1_32' title="bbox 250 3229 2232 3297; baseline -0.001 -16"><span class='ocrx_word' id='word_1_219' title='bbox 250 3248 313 3281; x_wconf 89' lang='lat' dir='ltr'><strong>en</strong></span> <span class='ocrx_word' id='word_1_220' title='bbox 352 3234 466 3297; x_wconf 84' lang='lat' dir='ltr'><strong>paix</strong></span> <span class='ocrx_word' id='word_1_221' title='bbox 504 3250 625 3283; x_wconf 87' lang='lat' dir='ltr'><strong>avec</strong></span> <span class='ocrx_word' id='word_1_222' title='bbox 664 3235 745 3295; x_wconf 90' lang='lat' dir='ltr'><strong>lui,</strong></span> <span class='ocrx_word' id='word_1_223' title='bbox 787 3235 872 3283; x_wconf 80' lang='lat' dir='ltr'><strong>fait</strong></span> <span class='ocrx_word' id='word_1_224' title='bbox 923 3250 1021 3282; x_wconf 88' lang='lat' dir='ltr'><strong>une</strong></span> <span class='ocrx_word' id='word_1_225' title='bbox 1068 3248 1249 3297; x_wconf 89' lang='lat' dir='ltr'><strong>guerre</strong></span> <span class='ocrx_word' id='word_1_226' title='bbox 1299 3232 1569 3281; x_wconf 79' lang='lat' dir='ltr'><strong>offensive»</strong></span> <span class='ocrx_word' id='word_1_227' title='bbox 1615 3229 1698 3295; x_wconf 84' lang='lat' dir='ltr'><strong>(de</strong></span> <span class='ocrx_word' id='word_1_228' title='bbox 1731 3230 1915 3291; x_wconf 81' lang='lat' dir='ltr'><em>Vattel‚</em></span> <span class='ocrx_word' id='word_1_229' title='bbox 1965 3230 2044 3279; x_wconf 89' lang='lat' dir='ltr'><strong>Le</strong></span> <span class='ocrx_word' id='word_1_230' title='bbox 2095 3230 2232 3280; x_wconf 89' lang='lat' dir='ltr'><strong>droit</strong></span> 
     </span>
     <span class='ocr_line' id='line_1_33' title="bbox 251 3310 547 3375; baseline 0.007 -16"><span class='ocrx_word' id='word_1_231' title='bbox 251 3314 341 3359; x_wconf 88' lang='lat' dir='ltr'><strong>des</strong></span> <span class='ocrx_word' id='word_1_232' title='bbox 378 3310 547 3375; x_wconf 88' lang='lat' dir='ltr'><strong>gens).</strong></span> 
     </span>
    </p>

    <p class='ocr_par' dir='ltr' id='par_1_17' title="bbox 373 3388 1613 3454">
     <span class='ocr_line' id='line_1_34' title="bbox 373 3388 1613 3454; baseline 0.003 -18"><span class='ocrx_word' id='word_1_233' title='bbox 373 3388 394 3417; x_wconf 76' lang='lat'>²</span> <span class='ocrx_word' id='word_1_234' title='bbox 434 3391 484 3437; x_wconf 90' lang='lat' dir='ltr'><strong>S.</strong></span> <span class='ocrx_word' id='word_1_235' title='bbox 523 3391 677 3439; x_wconf 85' lang='lat' dir='ltr'><strong>theol.</strong></span> <span class='ocrx_word' id='word_1_236' title='bbox 716 3392 781 3449; x_wconf 91' lang='grc' dir='ltr'><strong>ΙΙ,</strong></span> <span class='ocrx_word' id='word_1_237' title='bbox 822 3394 885 3450; x_wconf 88' lang='grc' dir='ltr'><strong>ΙΙ,</strong></span> <span class='ocrx_word' id='word_1_238' title='bbox 926 3408 974 3454; x_wconf 94' lang='lat' dir='ltr'><strong>q.</strong></span> <span class='ocrx_word' id='word_1_239' title='bbox 1012 3404 1100 3451; x_wconf 92' lang='lat'><strong>40,</strong></span> <span class='ocrx_word' id='word_1_240' title='bbox 1141 3408 1183 3438; x_wconf 87' lang='lat' dir='ltr'><strong>a.</strong></span> <span class='ocrx_word' id='word_1_241' title='bbox 1232 3404 1274 3440; x_wconf 91' lang='lat'><strong>1.</strong></span> <span class='ocrx_word' id='word_1_242' title='bbox 1425 3388 1446 3420; x_wconf 82' lang='lat'><strong>⁸</strong></span> <span class='ocrx_word' id='word_1_243' title='bbox 1483 3390 1613 3440; x_wconf 91' lang='lat' dir='ltr'><strong>Ibid.</strong></span> 
     </span>
    </p>
   </div>
  </div>
 </body>
</html>
