2367 3850
9 3325 16 3404 f

11 3497 15 3578 >

225 242 306 278 DE
347 243 700 280 INTRINSECO
737 245 1082 282 DISCRIMINE
1121 245 1295 282 INTER
1336 245 1535 282 BONUM
1574 247 1646 283 m·
1686 247 1906 285 MALUM.
1986 247 2085 300 275

107 399 242 447 sunt
282 391 612 466 incapaces
653 392 919 452 habendi
980 392 1158 451 aliam
1200 393 1597 454 directionem
1614 440 1628 466 ‚
1690 412 1869 469 quam
1924 397 2088 456 bono

108 489 358 538 naturae
401 482 702 540 humanae
744 483 1100 557 oppositam.

228 571 423 644 Atqui
454 569 765 628 evidenter
805 580 1036 629 constat
1079 573 1227 630 tales
1270 590 1399 632 esse
1428 572 1711 632 actiones,
1783 572 2092 634 Eiusmodi

111 657 271 715 enim
315 669 458 716 sunt
499 677 708 719 omnes
748 660 1030 732 actioneS‚
1077 679 1233 735 quae
1274 663 1581 720 hominem
1638 672 1913 738 respectu
1960 665 2090 722 finis

107 748 298 804 ultimi
341 758 510 806 recte
552 749 875 825 disponunt
913 751 1010 808 vel
1063 751 1258 825 ipsum
1312 752 1390 809 ab
1432 751 1533 810 illo
1589 752 1707 809 fine
1763 763 2090 824 removent,

109 846 170 893 ut
209 855 389 896 amor
431 837 550 896 Dei
591 839 688 897 vel
728 839 1103 916 blasphemia
1129 842 1164 897 ¹.

227 963 308 1020 II.
353 962 790 1020 Demonstratio
835 964 1124 1020 indirecta.

235 1086 286 1124 1.
333 1067 692 1140 Argumenta
731 1069 1006 1141 negative.
1093 1069 1527 1144 Quaecumque
1567 1069 1725 1127 enim
1768 1071 1845 1128 ab
1888 1071 2092 1130 adver-

112 1155 276 1213 sariis
342 1157 672 1215 afferuntur
738 1164 934 1214 contra
991 1159 1174 1234 ipsum
1221 1157 1451 1232 factum
1521 1160 1860 1216 universalis
1926 1160 2093 1217 huius

100 1247 512 1318 persuasionis,
558 1246 636 1304 de
667 1265 785 1320 qua
811 1265 990 1322 supra
1018 1247 1303 1306 diximus:
1348 1241 1405 1322 a)
1434 1248 1528 1306 vel
1571 1247 1717 1305 nihil
1759 1248 1918 1306 aliud
1960 1259 2094 1306 sunt

110 1333 222 1390 nisi
263 1336 442 1392 turba
468 1337 726 1392 inanium
753 1337 1050 1393 verborum
1073 1337 1096 1369 ²
1109 1357 1130 1407 ,·
1184 1331 1249 1410 b)
1291 1337 1385 1394 vel
1428 1345 1563 1394 sunt
1591 1336 1765 1410 facta
1806 1339 2004 1395 leviter
2042 1345 2098 1394 et

103 1431 410 1498 perperam
453 1425 768 1493 observata,
825 1434 890 1482 ut
933 1443 1067 1483 cum
1112 1425 1191 1483 de
1233 1427 1397 1484 Indis
1440 1426 1760 1500 loquuntur
1777 1472 1790 1497 ,
1852 1427 1954 1500 qui
1996 1446 2095 1502 pa-

77 1522 310 1570 .rentes
351 1522 738 1572 senescentes
781 1514 1082 1572 occidunt.
1141 1517 1278 1572 Mos
1323 1513 1483 1573 enim
1526 1514 1640 1584 ille,
1684 1515 1732 1572 si
1775 1515 1884 1572 rite
1930 1515 2095 1572 intel-

114 1601 353 1675 legitur,
417 1620 544 1660 non
587 1603 804 1676 probat
851 1605 1013 1678 apud
1053 1604 1239 1662 Indos
1294 1604 1579 1678 pietatem
1633 1620 1777 1678 erga
1816 1613 2097 1678 parentes

115 1708 234 1746 non
277 1691 596 1761 exsistere,
653 1690 760 1750 sed
803 1702 1031 1763 contra,
1092 1693 1290 1766 legem
1332 1693 1681 1762 naturalem,
1738 1710 1892 1765 quae
1936 1691 2097 1749 iubet

117 1789 393 1851 parentes
438 1780 728 1850 colendos
771 1798 919 1846 esse.
964 1783 1040 1839 ab
1083 1780 1226 1855 ipsis
1262 1798 1469 1840 revera
1500 1782 1819 1856 cognitam,
1865 1782 1926 1838 in
1956 1799 2096 1838 casu

117 1866 212 1924 illo
253 1868 603 1945 particulari
644 1887 770 1928 non
811 1879 974 1929 recte
1017 1868 1307 1947 applicari
1333 1871 1371 1929 ⁸.

233 2062 248 2091 ¹
291 2064 371 2113 Cf.
411 2080 567 2127 supra
603 2080 654 2128 p.
697 2074 823 2127 274.
1124 2130 1126 2132 ‚

229 2140 254 2173 ²
290 2144 546 2191 Audiatur
581 2144 818 2193 Bflchner
859 2141 1031 2207 (Kraft
1069 2146 1175 2193 und
1214 2144 1356 2205 Stoff,
1397 2146 1477 2193 ed.
1528 2156 1588 2206 19
1626 2141 1809 2209 [1898]
1849 2162 1899 2208 p.
1934 2142 2091 2206 361):

121 2223 298 2272 «Noch
327 2224 620 2273 schlimmer
644 2224 814 2274 lauten
840 2224 924 2273 die
950 2224 1186 2273 Berichte
1214 2226 1304 2273 des
1330 2226 1631 2273 erfahrenen
1650 2224 2095 2273 Afrikareisenden

116 2303 306 2353 Burton
331 2304 461 2352 fiber
487 2304 572 2352 die
593 2304 770 2369 Neget
790 2305 1087 2354 Ostafrikas.
1127 2304 1243 2353 lhre
1264 2306 1517 2354 Vernunft
1541 2308 1604 2353 ist
1629 2305 1770 2353 nicht
1794 2304 1889 2352 wie
1915 2319 2095 2351 unsere

119 2384 368 2444 Vernunft
421 2385 531 2432 und
580 2384 788 2449 bewegt
839 2385 948 2433 sich
987 2385 1122 2433 ohne
1161 2385 1329 2449 Logik
1368 2386 1418 2432 in
1456 2386 1617 2433 lauter
1650 2384 2095 2447 Widersprflchen.

117 2464 342 2525 Mitleid,
396 2464 925 2525 Rechtschaffenheit,
967 2465 1321 2513 Dankbarkeit
1338 2503 1349 2525 ,
1390 2466 1663 2528 Vorsorge,
1704 2463 2094 2521 Familienliebe,

119 2542 588 2608 Schamhastigkeit,
627 2543 988 2604 Wohlwollen,
1019 2544 1279 2593 Gewissen
1306 2546 1411 2593 und
1439 2544 1865 2593 Gewissensbisse
1892 2559 1939 2592 u.
1968 2560 2006 2591 s.
2034 2559 2094 2589 w.

118 2624 224 2672 sind
263 2625 383 2673 dem
413 2624 766 2673 Ostafrikaner
803 2625 1129 2673 unbekannte
1156 2624 1357 2688 Dinge;
1400 2640 1456 2672 er
1486 2624 1573 2671 hat
1598 2624 1747 2671 keine
1776 2622 2094 2679 Geschichte,

116 2702 258 2751 keine
299 2704 694 2768 Erzahlungem
747 2704 900 2752 keine
940 2704 1146 2765 Poesie,
1202 2704 1351 2751 keine
1390 2703 1583 2763 Metal,
1622 2703 1774 2751 keine
1810 2700 2096 2761 Phantasie‚

119 2783 231 2831 kein
259 2784 599 2844 Ged'alchtnis,
639 2784 762 2832 kein
799 2784 928 2832 fiber
965 2785 1064 2832 den
1103 2783 1351 2832 nachsten
1376 2784 1529 2832 Kreis
1568 2784 1658 2831 des
1684 2783 1898 2830 sinnlich
1923 2780 2098 2828 Wahr-

121 2864 433 2913 nehmbaren
489 2864 972 2913 hinausreichendes
1028 2864 1247 2912 Denken
1267 2902 1278 2924 ,
1342 2864 1492 2911 keine
1556 2863 1785 2925 Ahnung
1845 2878 1945 2909 von
2000 2862 2099 2908 den

119 2944 322 3006 grossen
361 2944 758 2993 Geheimnissen
796 2944 886 2992 des
925 2944 1132 2992 Lebens
1170 2945 1274 2992 und
1311 2944 1401 2992 des
1438 2944 1625 3002 TodeS,
1664 2943 1813 2990 keine
1850 2941 2097 3004 Religion,

119 3024 298 3073 keinen
355 3022 596 3072 Glauben
615 3060 627 3084 ‚
682 3024 849 3073 ausser
899 3025 1016 3072 dem
1067 3024 1305 3071 rohesten
1357 3023 1745 3071 Fetischdienst.
1819 3022 1890 3069 Er
1943 3021 2100 3068 kennt

121 3102 266 3153 keine
304 3104 505 3151 Trauer
542 3104 669 3152 oder
695 3104 934 3152 Schmerz
971 3120 1056 3150 um
1091 3104 1191 3151 den
1217 3104 1333 3151 Tod
1357 3120 1458 3151 von
1486 3102 1913 3159 Anverwandten,
1953 3100 2099 3147 keine

123 3183 562 3247 Anh'anglichkeit
598 3183 848 3232 zwischen
887 3183 1063 3231 Eltern
1101 3183 1208 3230 und
1246 3183 1417 3243 Kind;
1457 3184 1523 3231 im
1563 3181 1834 3244 Gegenteil
1872 3180 2102 3228 herrscht

123 3265 208 3311 wie
245 3265 333 3313 bei
371 3265 475 3312 den
514 3263 704 3312 wilden
743 3264 932 3311 Tieren
980 3263 1096 3311 eine
1149 3263 1428 3311 natflrliche
1466 3261 1793 3310 Feindschaft
1849 3260 2099 3309 zwischen

126 3342 274 3391 Vater
310 3344 421 3391 und
461 3343 634 3392 Sohn»
679 3351 776 3392 etc.
819 3340 886 3406 (Ι)

239 3422 262 3453 ⁸
305 3424 456 3471 «Den
493 3423 856 3487 Eingebornen
895 3422 1330 3482 Hinterindiens«,
1369 3423 1435 3469 ait
1473 3419 1708 3467 Buchner
1747 3417 1805 3481 (l.
1846 3416 1934 3480 c.),
1980 3420 2103 3481 «gilt

1667 3505 1727 3551 18
1750 3506 1777 3535 ⁴
