2367 3850
1128 0 1190 12 '⁸⁶⁵⁴
1261 1 1272 4 “
1313 1 1356 4 ”“”
1383 1 1466 15 -’“·““
1483 0 1726 21 Ῑ’“ἰ-ἳ““’ῗι““““.
1801 12 1810 21 ι

331 223 432 270 262
961 234 1295 271 THEOLOGIA
1333 235 1673 272 NATURALIS.

325 392 495 440 turae
553 381 793 440 deficiat
849 403 887 440 a
928 383 1080 454 fine,
1141 391 1419 459 propter
1440 399 1614 457 quem
1668 391 1760 441 est
1807 383 2051 444 factum.
2132 381 2293 441 Unde

325 489 442 529 nec
501 487 712 528 omnes
771 470 1047 530 homines
1101 488 1219 529 nec
1276 490 1487 530 omnes
1540 473 1786 546 angelos
1846 471 2124 529 damnari
2174 489 2294 528 con·

325 560 504 618 venit.
591 558 712 619 Sed
765 559 913 618 nihil
969 560 1279 661 prohibet,
1343 561 1488 639 quin
1542 560 1723 636 aliqui
1782 563 1877 619 vel
1937 579 2011 619 ex
2066 558 2295 618 homini-

328 651 438 708 bus
482 650 576 707 vel
619 667 694 707 ex
753 649 982 724 angelis
1041 649 1104 707 in'
1163 649 1472 711 aeternum
1532 663 1810 725 pereant,
1872 649 2019 724 quia
2078 648 2294 708 divinae

328 736 646 797 voluntatis
701 738 954 799 intentio
1009 739 1292 815 impletur
1332 738 1392 796 in
1448 738 1576 797 aliis
1592 786 1607 811 ,
1662 739 1767 814 qui
1822 740 2140 796 salvantur.
2218 739 2297 794 Ex

328 827 419 888 his
461 827 738 885 omnibus
779 837 977 886 autem
1020 828 1131 886 rite
1177 828 1490 904 perpensis
1518 838 1769 904 apparet
1796 827 2046 929 quidem
2089 827 2150 884 in
2177 827 2297 884 Deo

328 918 509 976 virtus
535 914 954 976 vindicationis
998 935 1101 976 seu
1143 917 1487 988 severitatiS,
1534 935 1657 975 non
1700 926 1899 974 autern
1941 915 2147 975 vitium
2188 933 2297 972 cru·

328 1007 602 1082 delitatis,
647 1025 800 1083 quae
831 1007 1100 1066 consistit
1142 1005 1203 1064 in
1233 1024 1326 1078 e0,
1373 1006 1539 1082 quod
1571 1005 1701 1082 quis
1731 1006 2017 1065 excedit
2001 1026 2064 1064 111
2094 1023 2292 1105 poena,

329 1115 402 1155 ex
443 1097 625 1156 animi
667 1097 983 1173 asperitate
1029 1095 1292 1171 compati
1347 1095 1669 1154 nescientis
1721 1113 1990 1171 poenam
2044 1096 2192 1155 ultra
2230 1095 2298 1151 iu·

329 1195 481 1276 stum
522 1185 769 1245 modum
811 1203 1193 1262 exaggerans
1204 1204 1233 1234 ²>

450 1319 739 1370 Scholion.
801 1312 954 1370 Cum
989 1311 1334 1370 felicitatem
1374 1309 1636 1369 hominis
1663 1309 1827 1368 Deus
1868 1327 1995 1366 non
2034 1306 2293 1366 intendat

330 1409 577 1473 propter
617 1400 825 1475 ipsam,
871 1401 978 1460 sed
1020 1410 1268 1477 propter
1309 1399 1560 1475 gloriam
1600 1417 1767 1456 suam
1804 1409 2128 1468 externam,
2170 1397 2290 1454 finis

329 1488 428 1546 ille
469 1489 713 1547 relative
754 1489 990 1548 ultimus
1029 1507 1158 1548 non
1194 1488 1309 1548 nisi
1335 1488 1721 1548 secundarius
1747 1490 1765 1522 ¹
1806 1498 1912 1559 est,
1957 1486 2291 1562 praesertim

332 1595 467 1635 cum
509 1597 546 1634 a
582 1579 719 1636 Deo
759 1597 884 1637 non
925 1579 1195 1638 absolute
1237 1569 1593 1649 intendatur,
1636 1577 1746 1636 sed
1786 1578 1896 1636 sub
1943 1575 2289 1635 condicione

329 1676 590 1738 tanturn,
651 1677 714 1725 ut
772 1677 1041 1727 creatura
1081 1667 1283 1771 libera
1328 1686 1393 1726 se
1443 1667 1523 1726 ad
1572 1667 1764 1742 ipsam
1811 1665 2287 1740 consequendam

331 1754 627 1830 disponat.

453 1845 634 1903 Unde
689 1847 820 1904 finis
875 1845 973 1904 ille
1029 1846 1413 1904 secundarius
1452 1864 1581 1903 non
1633 1843 1975 1903 necessario
2015 1843 2075 1901 in
2117 1843 2289 1901 omni·

329 1932 441 2014 bus
483 1935 800 2007 obtinetur,
844 1936 925 1993 ita
965 1946 1027 1994 ut
1068 1936 1250 2011 aliqui
1291 1936 1617 1995 avertendo
1659 1953 1724 1993 se
1764 1934 1951 1993 libere
1993 1954 2029 1992 a
2068 1935 2215 2003 Deo,
2256 1952 2287 1989 a

331 2022 697 2083 beatitudine
739 2024 1016 2083 excidere
1058 2026 1304 2099 possint.
1386 2024 1445 2082 N
1446 2024 1801 2093 ihilominuS,
1860 2042 1997 2081 cum
2038 2021 2287 2081 efficacia

335 2110 572 2171 divinae
614 2114 930 2172 voluntatis
986 2114 1049 2171 in
1105 2132 1180 2172 eo
1236 2113 1609 2188 potissimum
1649 2112 1938 2188 ponenda
1982 2112 2081 2183 sit,
2138 2109 2289 2185 quod

331 2200 464 2258 finis
492 2202 618 2259 eius
633 2204 958 2278 primarius
986 2221 1223 2280 semper
1243 2202 1605 2279 obtineatur,
1649 2201 1980 2275 quaerenti,
2024 2220 2161 2259 num
2200 2218 2290 2256 vo·
2341 2246 2342 2257 ,

334 2290 525 2347 luntas
566 2292 682 2349 Dei
723 2310 962 2367 semper
1003 2292 1334 2369 impleatur,
1378 2311 1514 2350 cum
1559 2292 1616 2349 S.
1648 2293 1917 2350 Doctore
1959 2290 2288 2348 affirmative

333 2381 822 2453 respondendum
864 2393 981 2441 est:
1031 2382 1221 2440 «Cum
1261 2370 1533 2439 voluntas
1576 2380 1749 2452 Dei»,
1794 2380 2004 2455 inquit,
2052 2378 2153 2438 «sit
2178 2377 2290 2436 uni·
2341 2446 2342 2459 χ

332 2467 574 2527 versalis
603 2489 780 2529 causa
809 2472 1076 2529 omnium
1103 2489 1319 2543 rerum,
1362 2470 1730 2545 impossibile
1760 2478 1866 2542 est,
1913 2470 2077 2545 quod
2104 2466 2290 2526 divina

329 2557 603 2617 voluntas
657 2578 826 2618 suum
883 2561 1160 2620 effectum
1215 2578 1341 2619 non
1396 2569 1813 2634 consequatur.
1898 2559 2081 2619 Unde
2139 2554 2290 2631 quod

333 2646 620 2705 recedere
640 2710 647 2716 ..
661 2648 892 2707 videtur
934 2670 970 2707 a
1011 2650 1214 2708 divina
1254 2651 1556 2708 voluntate
1598 2647 1927 2707 secundum
1981 2665 2158 2707 unum
2210 2662 2289 2701 or·

335 2733 556 2805 dinem,
596 2730 878 2817 relabitur
904 2738 967 2795 in
995 2737 1186 2813 ipsam
1216 2739 1544 2797 secundum
1572 2738 1781 2795 aliurn:
1828 2735 1978 2795 sicut
2004 2743 2287 2811 peccator,

336 2822 454 2896 qui,
499 2835 784 2911 quantum
828 2838 916 2885 est
955 2826 1021 2884 in
1063 2846 1158 2899 se,
1217 2827 1443 2886 recedit
1484 2845 1520 2885 a
1575 2826 1784 2885 divina·
1814 2828 2116 2884 voluntate
2166 2841 2288 2898 pec-

335 2913 562 2985 cando,
622 2913 832 2973 incidit
885 2914 948 2973 in
991 2917 1264 2976 ordinem
1320 2916 1558 2976 divinae
1614 2914 1931 2974 voluntatis
1949 2962 1962 2985 ,
2018 2915 2153 2973 dum
2192 2929 2291 2987 per

336 2999 470 3060 eius·
482 2997 488 3000 “
501 3002 777 3062 iustitiam
801 3030 804 3035 ·
818 3006 1109 3080 punitur.»
1137 3004 1158 3037 ²

457 3091 784 3165 Quomodo
824 3112 970 3153 vero
999 3084 1201 3154 divina
1221 3095 1610 3155 Providentia
1647 3112 1779 3153 >sese
1808 3094 2027 3151 habeat
2065 3089 2288 3150 relative

336 3176 414 3235 ad
473 3190 778 3240 aeternam
838 3183 1255 3243 damnatorum
1314 3183 1831 3261 reprobationem,
1894 3183 2021 3241 sola
2078 3178 2287 3239 ratione

367 3387 372 3393 a
423 3338 479 3377 .¹
511 3340 598 3387 Cf.
634 3340 735 3388 vol.
774 3342 813 3399 Ι,
855 3353 974 3401 311.

459 3410 481 3441 ²
518 3416 569 3461 S.
618 3416 806 3476 Thone„
846 3419 896 3467 S.
940 3420 1092 3468 theol.
1131 3422 1170 3479 I,
1212 3438 1259 3485 q.
1307 3436 1385 3483 19,
1425 3440 1468 3471 a.
1510 3424 1558 3473 6.

573 3614 933 3807 NR&

1902 3389 1941 3427 N
