2367 3850
873 227 952 264 DE
990 227 1343 264 RA‘riocmm.
2028 217 2101 274 69

119 371 430 446 paratione
475 374 634 431 facta
675 385 736 432 et
775 373 1020 432 veritate
1057 383 1393 450 perspecta,
1438 374 1499 430 in
1542 373 1823 432 iudicium
1864 374 2101 433 elicien-

117 461 253 518 dum
297 481 476 520 mens
503 481 608 520 sua
636 473 846 520 natura
873 463 1214 521 necessario
1258 463 1457 534 fertur,
1501 481 1637 520 cum
1676 481 1751 522 eo
1780 464 2099 540 disputatio

112 569 234 608 non
278 550 396 609 erit
437 551 863 627 protrahenda.
925 554 1098 609 Tunc
1139 551 1303 610 enim
1344 553 1617 626 quaestio
1657 553 1767 610 erit
1806 551 1887 612 de
1928 571 2097 624 voce,

111 658 237 697 non
281 640 364 698 de
406 660 491 700 re.

230 730 598 787 Formalz‘tcr
634 729 890 806 proinde
932 739 1265 807 spectatum
1307 729 1591 788 iudicium
1643 732 2012 788 intellectuale
2064 751 2099 789 a

112 818 340 876 iudicio
387 819 796 895 apprehensivo
837 818 1212 895 distinguitur
1252 838 1345 891 e0,
1391 819 1555 894 quod
1596 819 1739 878 illud
1776 821 1839 878 fit
1870 837 1943 879 ex
1972 839 2101 896 per·

112 919 328 983 specto
369 927 526 966 nexu
563 909 754 982 logice,
799 909 917 967 hoc
946 918 1146 968 autem
1173 927 1249 968 ex
1276 909 1657 985 apprehenso
1684 927 1835 968 nexu
1852 909 2097 985 physico,

886 1068 1218 1115 ARTICULUS
1258 1079 1341 1116 111.

825 1179 922 1227 DE
960 1179 1402 1229 RATIOCINIO.

231 1294 648 1354 Ratiocinium
689 1293 753 1351 in
793 1295 990 1369 logica
1031 1293 1339 1352 definitum
1381 1304 1499 1352 est:
1543 1301 1699 1352 actus
1730 1297 1945 1366 mentis,
1990 1315 2101 1370 quo

115 1384 367 1442 duarum
421 1386 681 1442 idearum
736 1384 1118 1442 convenientia
1175 1385 1272 1441 vel
1310 1385 1692 1460 repugnantia
1745 1403 1819 1442 ex
1861 1393 2099 1461 propor-

117 1475 285 1543 tione,
333 1494 506 1550 quam
547 1474 758 1530 habent
795 1491 914 1530 cum
954 1491 1074 1530 una
1115 1475 1289 1531 tertia
1330 1475 1570 1542 notione,
1614 1473 1877 1548 infertur
1898 1475 1931 1530 ¹.

237 1564 386 1621 Eius
447 1564 809 1621 elementum
879 1562 1134 1621 formale
1194 1563 1411 1621 scimus
1470 1580 1603 1622 esse
1662 1563 2099 1637 consequentiam

117 1653 209 1710 vel
253 1671 476 1711 nexum
519 1651 780 1727 logicum
821 1651 1203 1710 exsistentem
1229 1671 1355 1710 non
1396 1651 1515 1709 iam
1544 1653 1697 1710 inter
1725 1652 1872 1710 duas
1912 1652 2095 1724 ideaS,

121 1741 225 1800 sed
266 1743 426 1800 inter
467 1751 588 1800 tres
611 1742 649 1798 ².

238 1832 418 1905 Quae
447 1849 585 1889 cum
613 1830 695 1889 ita
714 1831 845 1900 sint,
877 1831 956 1888 ad
982 1839 1255 1888 naturam
1284 1829 1579 1888 ratiocinii
1606 1829 2097 1904 dignoscendam,

120 1919 217 1979 hic
257 1940 448 1980 nexus
491 1920 719 1996 logicus
752 1919 1040 1995 imprimis
1068 1939 1214 1995 prae
1244 1919 1429 1979 oculis
1458 1931 1548 1978 est
1574 1918 1902 1979 habendus
1961 1921 2100 1977 Hac

124 2010 282 2067 enim
323 2021 472 2069 nota
513 2009 887 2068 ratiocinium
919 2009 1241 2085 perfectum
1268 2010 1363 2067 vel
1393 2009 1673 2083 formale,
1717 2010 1795 2068 de
1840 2026 1960 2084 quo
2002 2009 2101 2067 hic

125 2100 329 2173 agitur,
376 2098 749 2175 distinguitur
791 2118 828 2156 a
867 2098 1126 2157 motibus
1168 2099 1299 2169 illis,
1345 2100 1447 2173 qui
1488 2098 1777 2157 adinstar
1805 2097 2101 2156 ratiocinii

125 2190 266 2246 fiunt
306 2190 372 2247 in
415 2187 682 2263 potentia
719 2187 1102 2258 aestimativa,
1147 2206 1257 2262 per
1285 2187 1742 2247 associationem
1773 2187 2096 2262 imaginum

127 2278 429 2336 sensilium
500 2289 560 2335 et
628 2296 738 2353 per
806 2276 1256 2335 inclinationem
1321 2278 1623 2352 quandam
1683 2276 2096 2347 instinctivam‚

127 2366 246 2425 sine
287 2368 416 2425 ulla
455 2366 595 2425 idea
635 2365 952 2425 universali
999 2376 1060 2424 et
1099 2365 1356 2443 proinde
1412 2367 1541 2425 sine
1597 2368 1713 2424 ulla
1754 2365 2098 2440 cognitione

127 2474 308 2513 nexus
352 2455 552 2531 logici,
599 2456 700 2530 qui
743 2456 898 2513 inter
938 2454 1361 2531 perceptiones
1402 2454 1530 2513 illas
1573 2454 1807 2514 exsistit.
1874 2454 2099 2528 Quales

127 2556 316 2604 motus
364 2545 426 2602 in
483 2544 838 2604 animalibus
891 2544 1076 2603 brutis
1133 2560 1263 2602 esse
1321 2554 1567 2618 possunt
1620 2553 1679 2602 et
1733 2542 2099 2618 experientia

127 2643 266 2693 teste
309 2634 375 2692 in
417 2634 560 2709 ipsis
602 2634 817 2706 insunt,
860 2644 926 2691 ut
966 2651 1040 2691 ex
1080 2634 1150 2691 iis
1193 2634 1435 2704 scimus,
1483 2650 1635 2707 quae
1678 2650 1855 2707 supra
1896 2632 1972 2690 de
2015 2630 2099 2688 in-

129 2722 336 2782 stinctu
380 2722 650 2781 diximus.
723 2724 868 2781 Avis
908 2740 961 2781 e.
998 2741 1052 2798 g.
1099 2740 1235 2779 cum
1270 2722 1477 2780 nidum
1522 2722 1834 2791 construit,
1891 2722 2098 2796 vulpes

131 2832 256 2870 cum
283 2822 556 2883 venatur,
598 2814 768 2887 plura
808 2810 1036 2891 iudicia·
1070 2811 1421 2886 imperfecta
1457 2811 1609 2868 inter
1636 2828 1699 2868 se
1729 2821 2100 2885 componunt

132 2913 182 2959 et
209 2902 593 2978 operationes
615 2901 871 2973 eliciunt,
904 2918 1058 2975 quae
1078 2900 1389 2959 ratiocinia
1415 2899 1733 2969 imitantur,
1764 2899 1869 2957 sed
1900 2910 2098 2957 tamen

131 2989 437 3049 ratiocinia
477 2989 751 3048 formalia
791 3008 916 3047 non
959 2999 1108 3060 sunt,
1154 2989 1295 3065 quia
1336 2998 1529 3046 motus
1570 2987 1654 3045 illi
1690 3005 1815 3046 non
1856 2989 1999 3045 fiunt
2040 2990 2097 3046 vi

132 3078 485 3156 cognitionis
524 3096 712 3137 nexus
753 3078 919 3153 logici
937 3078 1110 3137 inter
1151 3079 1351 3153 plures
1391 3078 1556 3136 ideas
1599 3076 1944 3148 exsistentiS,
1992 3079 2097 3136 sed

131 3170 180 3226 vi
201 3168 613 3228 associationis
633 3168 912 3226 naturalis
941 3166 1269 3242 imaginum
1298 3166 1597 3225 sensilium
1625 3183 1743 3240 ope
1772 3166 2097 3224 memoriae

133 3269 183 3316 et
225 3257 652 3317 aestimativae.

247 3418 266 3449 ¹
304 3420 420 3469 v01.
461 3420 501 3479 1,
543 3419 628 3481 65·
775 3414 796 3446 2
834 3417 912 3465 cf.
954 3416 1081 3465 ibid.
1120 3432 1170 3479 p.
1212 3416 1278 3475 67
1318 3423 1368 3463 et
1408 3424 1489 3474 70.
