2367 3850
1218 13 1227 15 -
1250 11 1361 28 t-·-2-·-
1388 11 1451 29 ῖ’-”
1466 13 1469 16 ·
1484 13 1521 29 -.·-
1540 11 1638 34 -ΤἺ
2358 11 2359 19 ¹

1299 75 1310 84 ν
1447 41 1454 44 “
1517 45 1524 52 ·
1633 50 1647 72 ς
1738 37 1783 66 ‘'.
1972 66 1981 74 ,
2015 11 2133 66 ο-ΙΕ.
2163 11 2183 49 ΕΙ
2236 11 2319 115 ,²³

260 232 361 281 286
842 242 1071 282 nuncil.
1138 243 1277 280 PARS
1318 241 1653 278 canamus

380 386 435 467 β)
478 393 619 467 quia
670 391 824 449 falso
879 391 1194 468 supponit,
1257 399 1320 448 ut
1374 408 1448 449 ex
1507 389 1811 447 communi
1857 385 2238 464 persuasione

256 490 465 539 notum
485 527 499 553 ,
560 499 695 538 eam
755 481 945 538 solam
988 481 1358 538 voluntatem
1401 497 1528 537 esse
1589 477 1950 554 simpliciter
2009 476 2238 551 bonam,

260 587 415 644 quae
455 570 578 628 vult
618 579 679 627 et
733 569 900 650 quod
954 570 1051 627 lex
1106 568 1352 626 rationis
1405 567 1702 644 praecipit
1755 577 1816 624 et
1871 565 2061 623 unice
2115 562 2244 637 quia

257 658 353 717 lex
406 657 715 734 praecipit.
809 657 1051 716 Etenim
1112 667 1376 715 «tantum
1431 657 1631 727 abest,
1689 665 1752 713 ut
1805 654 1872 713 id
1934 652 2129 729 possit
2179 669 2245 708 ex

261 747 566 806 communi
608 745 896 822 opinione
958 747 1207 819 assumi,
1266 756 1329 804 ut
1368 745 1566 820 potius
1621 743 1824 802 eidem
1881 743 2245 800 adversetur.

262 835 419 894 Nam
460 835 735 894 homines
776 852 961 909 saepe
983 834 1275 901 ‚actiones
1303 843 1524 893 vocant
1551 834 1851 904 honestaS,
1902 849 2069 906 quae
2098 831 2248 886 nulla

262 925 399 998 lege
440 923 917 999 praecipiuntur,
975 945 1029 982 v.
1075 943 1129 999 g.
1174 924 1224 982 si
1266 923 1398 998 quis
1438 923 1593 980 ultro
1635 939 1699 979 se
1739 919 1995 979 servitio
2039 935 2250 994 paupe·

259 1031 389 1072 rum
431 1023 491 1070 et
517 1022 899 1088 aegrotorum
927 1014 1021 1070 vel
1065 1013 1356 1088 obsequio
1397 1010 1624 1087 patriae
1667 1009 1997 1084 mancipet.
2064 1009 2248 1065 Multo

259 1101 452 1159 minus
510 1101 852 1160 hominibus
910 1120 1258 1178 persuasum
1314 1110 1402 1159 est
1456 1101 1564 1158 has
1605 1099 1874 1158 actiones
1935 1115 2074 1156 esse
2116 1107 2249 1153 tunc

260 1191 450 1248 solum
507 1192 816 1262 honestas,
874 1191 921 1249 si
976 1191 1152 1249 unice
1207 1193 1352 1248 fiant
1409 1188 1547 1263 quia
1597 1189 1733 1262 lege
1775 1185 2246 1262 praecipiuntur.

259 1282 351 1338 Ex
388 1279 691 1338 communi
720 1280 882 1338 enim
912 1279 1200 1355 opinione
1229 1288 1426 1354 potest
1455 1278 1586 1352 quis
1613 1276 2045 1334 honestissime
2075 1289 2249 1349 agere

261 1387 335 1426 ex
378 1368 603 1427 motivo
646 1369 1111 1440 misericordiae,
1156 1367 1378 1427 amoris
1419 1365 1676 1444 proximi
1717 1375 1868 1424 etc.»
1905 1366 1926 1397 ¹

379 1464 441 1540 d)
485 1467 660 1524 Falso
704 1467 967 1542 denique
997 1466 1280 1542 supponit
1306 1465 1614 1523 hominem
1656 1481 1786 1522 esse
1828 1464 2022 1521 finem
2065 1462 2130 1518 in
2169 1475 2246 1527 se,

261 1556 362 1629 qui
402 1556 549 1613 nulli
591 1555 692 1613 alii
734 1555 838 1613 fini
882 1555 1332 1615 -subordinetur.
1417 1554 1706 1612 Ultimum
1765 1552 1932 1611 enim
1991 1547 2245 1609 hominis

260 1646 441 1702 finem
484 1643 545 1701 in
587 1645 891 1720 theologia
931 1644 1184 1703 naturali
1233 1642 1600 1702 ostendimus
1644 1659 1772 1700 esse
1808 1643 2072 1715 gloriam
2111 1639 2241 1695 Dei.

386 1762 436 1799 2.
480 1740 832 1814 Argumenta
861 1749 976 1817 per
1012 1742 1336 1800 absurdum.
1423 1738 1770 1798 Stoicismus
1811 1739 1979 1797 enim
2023 1738 2156 1794 ille:

384 1831 441 1912 a)
487 1838 733 1913 Optima
789 1855 944 1912 quae
986 1858 1023 1895 a
1063 1849 1275 1896 natura
1327 1836 1615 1894 habemus
1674 1837 1833 1894 bene
1896 1833 2126 1910 agendi
2165 1832 2242 1888 in·

263 1928 582 1986 citamenta
624 1945 657 1985 e
700 1928 903 1985 medio
940 1928 1107 1998 tollit,
1152 1946 1290 1986 cum
1318 1926 1538 1986 doceat
1563 1926 1867 1983 mor-aliter
1893 1944 2026 1984 non
2069 1938 2239 1997 agere

262 2016 362 2090 qui
391 2015 601 2074 intuitu
632 2016 883 2092 praemii
904 2017 1000 2075 vel
1027 2026 1189 2074 metu
1217 2034 1455 2092 poenae
1484 2014 1746 2073 officium
1776 2012 1946 2073 suum
1978 2012 2234 2087 impleat.

380 2108 442 2189 b)
484 2113 747 2171 Virtutes
792 2114 1259 2185 misericordiae,
1303 2113 1580 2185 caritatiS,
1625 2112 2055 2171 oboedientiae
2083 2125 2240 2185 prae·

208 2274 213 2279 ι
260 2203 461 2263 sertim
504 2203 751 2260 omnino
780 2202 1029 2261 destruit
1070 2212 1129 2261 et
1171 2204 1257 2261 sic
1287 2203 1678 2261 fundamenta
1716 2218 1898 2259 verae
1940 2198 2239 2275 religionis

260 2291 561 2351 subvertit.
653 2292 749 2349 «Si
792 2292 1061 2350 Christus
1101 2292 1320 2351 dicitur
1361 2292 1550 2349 factus
1593 2309 1722 2349 esse
1779 2290 2120 2349 oboediens
2159 2305 2240 2343 us·

260 2398 377 2456 que
437 2380 515 2437 ad
575 2390 825 2439 mortem
847 2426 861 2452 ,
921 2383 1087 2439 Kant
1145 2382 1328 2439 talem
1383 2380 1603 2455 agendi
1657 2379 1904 2437 modum
1947 2397 2076 2437 non
2118 2392 2237 2434 esse

260 2470 550 2527 moralem
592 2471 862 2528 affirmat.
946 2472 1142 2527 Immo
1199 2472 1380 2528 virtus
1435 2468 1859 2527 oboedientiae
1917 2466 2238 2527 secundum

263 2559 551 2616 Kantium
596 2576 629 2617 e
673 2560 951 2633 catalogo
993 2560 1274 2617 virtutum
1317 2560 1566 2616 omnino
1609 2557 1873 2615 delenda
1917 2567 2062 2615 est.»
2091 2556 2112 2589 ²

380 2651 434 2731 c)
496 2658 662 2714 Kant
718 2656 828 2714 sibi
885 2654 998 2731 ipsi
1060 2657 1434 2715 contradicit.
1538 2654 1810 2726 Etenim,
1883 2665 1948 2711 ut
2017 2661 2239 2711 contra-

260 2744 587 2803 dictionem
631 2745 790 2803 illam
834 2746 1205 2817 omittamus,
1271 2764 1384 2820 qua
1443 2744 1782 2802 universam
1841 2742 1968 2801 eius
2008 2738 2235 2816 inquisi-

386 2938 403 2969 ¹
444 2941 675 2989 Cathrein
714 2940 745 2989 l.
788 2956 829 2989 c.
869 2958 919 3004 p.
960 2940 1029 2989 68
1069 2957 1144 3005 sq.

381 3018 403 3051 ²
444 3021 677 3069 Cathrein
715 3022 746 3069 l.
775 3036 817 3068 c.
845 3037 897 3084 p.
925 3021 1009 3081 69.
1037 3046 1108 3055 -—
1134 3022 1212 3070 Cf.
1241 3022 1391 3069 etiam
1417 3022 1576 3079 Kant,
1604 3019 1957 3078 Rechtslehre,
1999 3019 2090 3067 ubi
2118 3017 2236 3064 inter

260 3100 360 3148 alia
385 3102 514 3149 haec
540 3102 688 3149 docet
718 3099 823 3165 (ed.
852 3102 1171 3149 Rosenkranz
1197 3118 1246 3165 p.
1278 3098 1370 3164 24)
1392 3117 1402 3149 ε
1449 3102 1579 3149 «Die
1605 3099 1904 3148 moralische
1930 3096 2235 3147 Personlich-

261 3181 367 3229 keit
394 3182 455 3229 ist
482 3180 587 3229 also
616 3181 781 3229 nichts
806 3182 1021 3229 anderes
1048 3180 1119 3229 als
1147 3181 1228 3229 die
1249 3183 1289 3229 F
1290 3181 1474 3230 reiheit
1492 3181 1635 3229 eines
1654 3180 2010 3245 vemiinstigen
2027 3180 2232 3227 Wesens

264 3269 411 3309 unter
446 3261 785 3309 moralischen
825 3259 1103 3308 Gesetzen:
1148 3277 1344 3309 woraus
1383 3262 1520 3309 datm
1557 3260 1712 3325 folgt‚
1753 3260 1866 3309 dass
1902 3260 2016 3308 eine
2055 3261 2233 3309 Person

263 3340 448 3384 keinen
488 3340 679 3383 andern
720 3339 970 3385 Gesetzen
1008 3338 1081 3385 als
1120 3339 1315 3401 denen,
1369 3341 1451 3388 die
1489 3340 1564 3387 sie
1607 3338 1891 3401 (entweder
1927 3340 2084 3388 allein
2121 3339 2232 3389 oder

263 3409 569 3472 wenigstens
607 3414 834 3474 zugleich
873 3415 963 3461 mit
988 3415 1209 3478 andern)
1239 3418 1344 3467 sich
1371 3419 1532 3467 selbst
1557 3418 1717 3482 giebt,
1759 3421 2106 3468 unterworfen
2131 3421 2226 3467 ist.»
