2367 3850
1344 1 1562 23 “v-:zer
1728 17 1737 24 .

1338 29 1347 38 .
1722 27 1747 34 -

1564 1 2306 99 W

2010 77 2019 84 ⁶
2164 77 2185 84 ··
2208 75 2227 88 a
2278 87 2281 90 .

329 219 432 268 224
957 221 1293 259 THEOLOGIA
1333 221 1674 260 NATURALIS.

1137 385 1358 445 CAPUT
1401 403 1483 446 111.

607 509 719 566 DE
761 508 1110 567 CETERIS
1153 509 1652 570 ATTRIBUTIS
1696 513 2030 570 DIVINIS.

1109 653 1440 702 ARTICULUS
1481 667 1515 703 1.

849 777 946 825 DE
983 776 1603 826 IMMUTABILITATE
1640 777 1779 825 DEI.

449 909 674 958 Thesis.
751 900 920 957 Deus
960 907 1042 957 est
1079 901 1142 957 in
1180 918 1239 956 se
1279 901 1397 978 ipso
1425 899 1681 976 perfecte
1720 901 2105 958 immutabiles.

449 1043 640 1090 Status
698 1042 1066 1103 quaestionis.
1167 1032 1525 1091 Immutabile
1592 1032 1807 1092 dicitur
1881 1032 2029 1090 illud
2051 1076 2066 1102 ,
2145 1030 2293 1104 quod

327 1122 550 1178 nullam
629 1121 1020 1180 mutationem
1094 1120 1327 1196 patitur.
1439 1121 1697 1180 Mutatio
1772 1139 1919 1180 vero
2000 1119 2291 1180 definitur:

325 1210 601 1268 transitus
655 1211 734 1267 ab
789 1228 911 1268 uno
953 1210 1138 1268 modo
1194 1228 1260 1269 se
1313 1210 1577 1269 habendi
1639 1211 1717 1270 ad
1773 1212 1954 1268 alium
1980 1212 2013 1268 ¹.
2100 1207 2292 1268 Omnis

326 1299 574 1357 mutatio
616 1298 872 1375 proinde
915 1300 1201 1375 importat
1250 1311 1476 1357 motum
1533 1299 1865 1374 quendam,
1923 1301 2137 1358 saltem
2187 1297 2292 1354 lato

329 1406 505 1446 sensu
560 1397 904 1464 acceptum,
966 1388 1001 1446 i.
1047 1406 1099 1447 e.
1144 1389 1454 1447 transitum
1509 1387 1586 1447 de
1644 1389 1914 1464 potentia
1970 1389 2051 1448 ad
2092 1397 2285 1445 actum.

331 1479 454 1534 Iam
497 1493 641 1535 vero
684 1476 1072 1535 mutationem
1091 1523 1104 1550 ,
1164 1477 1214 1534 si
1254 1476 1332 1534 ad
1372 1486 1645 1535 naturam
1686 1488 1883 1535 motus
1930 1476 2288 1542 attendimus

330 1584 400 1624 ex
431 1565 604 1623 dictis
633 1564 695 1621 in
724 1565 1032 1640 ontologia
1060 1565 1277 1624 scimus
1306 1565 1607 1642 duplicem
1635 1567 1971 1641 generatim
2002 1563 2283 1639 distingui:
2342 1629 2344 1632 Α

327 1663 416 1713 est
457 1654 618 1712 enim
660 1655 756 1712 vel
797 1655 1118 1714 intrinseca
1159 1656 1255 1712 vel
1298 1655 1645 1714 extrinseca.

450 1742 702 1800 Mutatio
762 1744 1066 1801 intrinseca
1126 1762 1199 1802 ea
1259 1753 1377 1813 est,
1446 1761 1563 1819 qua
1621 1743 1950 1802 subiectum
1969 1791 1984 1816 ,
2053 1744 2129 1802 de
2184 1757 2285 1815 quo

328 1833 575 1890 mutatio
619 1831 1011 1908 praedicatur,
1057 1832 1133 1890 ad
1177 1833 1356 1889 alium
1398 1833 1645 1892 modum
1692 1851 1755 1892 se
1796 1833 2063 1891 habendi
2106 1828 2285 1890 transit

317 1930 430 1999 per
483 1941 679 1981 verum
734 1928 941 1980 motum
996 1922 1105 1980 sibi
1153 1923 1531 1981 intrinsecum.
1617 1922 1781 1981 Talis
1835 1933 1926 1981 est
1983 1941 2035 1983 e.
2078 1940 2133 1997 g.
2186 1936 2286 1976 mu·
2340 1992 2342 1997 .

327 2010 472 2068 tatio
515 2010 576 2067 in
619 2011 881 2081 homine,
933 2010 1034 2085 qui
1077 2027 1148 2068 ex
1191 2030 1316 2069 non
1360 2022 1764 2087 cognoscente
1806 2013 1870 2069 fit
1912 2026 2278 2088 cognoscens.

450 2099 701 2157 Mutatio
757 2101 1071 2157 extrinseca
1126 2117 1270 2158 vero
1327 2118 1401 2159 ea
1455 2111 1543 2160 est
1560 2147 1573 2172 ‚
1639 2120 1758 2176 qua
1815 2101 2143 2160 subiectum
2162 2147 2174 2171 ,
2221 2096 2283 2153 de

330 2206 450 2262 quo
507 2189 752 2246 mutatio
795 2188 1199 2263 praedicatur,
1258 2191 1415 2247 nullo
1468 2197 1619 2248 motu
1672 2192 1975 2247 intrinseco
2031 2189 2280 2267 afficitur,

329 2277 435 2335 sed
477 2295 636 2335 novo
679 2277 864 2350 modo
907 2296 971 2337 se
1014 2278 1195 2337 habet
1237 2279 1315 2336 ad
1358 2279 1618 2354 aliquam
1662 2298 1807 2350 rem,
1855 2297 2011 2355 quae
2047 2275 2285 2337 mutatio-

449 2434 511 2500 b)
558 2436 791 2498 «Quanta
828 2438 894 2486 sit
931 2445 1185 2488 creaturae
1209 2440 1282 2487 ad
1297 2440 1465 2489 Deum
1489 2440 1727 2500 subiectio,
1766 2449 1955 2505 quanta
1991 2440 2041 2488 in
2075 2436 2280 2488 omnibus
2338 2470 2340 2499 ᾗ

331 2517 688 2580 dependentia.
763 2518 896 2567 Nam
935 2519 1134 2568 ratione
1172 2520 1488 2568 necessitatis
1525 2520 1675 2568 huius
1714 2536 2008 2580 concursus,
2047 2519 2171 2569 nihil
2202 2531 2280 2564 om·
2338 2517 2340 2561 i

332 2598 451 2645 nino
490 2613 584 2646 nec
622 2598 746 2646 boni
786 2614 880 2647 nec
918 2598 1032 2646 mali
1085 2599 1193 2647 sine
1244 2599 1488 2664 singulari
1526 2601 1624 2648 Dei
1676 2608 1801 2649 nutu
1854 2599 1961 2648 fieri
2011 2608 2196 2665 potest:
2243 2604 2281 2641 et

331 2693 507 2725 omnes
545 2693 728 2727 causae
767 2688 965 2728 creatae
1003 2696 1034 2726 a
1070 2675 1169 2727 stiis
1208 2680 1555 2729 functionibus
1592 2680 1782 2745 absque
1821 2679 1923 2728 ulla
1951 2682 2017 2741 vi,
2056 2681 2162 2729 solo
2184 2691 2277 2726 con-

333 2774 481 2806 cursu
518 2759 787 2824 denegato,
829 2760 1120 2808 suavissime
1159 2760 1394 2823 impediri
1430 2772 1659 2824 possunt.

460 2836 517 2901 c)
563 2839 782 2887 «Causas
820 2856 997 2888 omnes
1035 2841 1283 2889 secundas
1320 2842 1553 2904 triplicem
1590 2842 1764 2890 habere
1798 2858 1831 2889 a
1856 2843 2033 2905 prima
2058 2837 2281 2905 dependen-
2336 2846 2338 2923 Ῑ

333 2920 472 2967 tiam.
526 2919 708 2979 Primo,
749 2920 942 2968 ratione
979 2920 1157 2969 virium
1184 2930 1517 2985 acceptarum.
1570 2921 1821 2981 Secundo,
1861 2922 2055 2970 ratione
2080 2920 2277 2969 assiduae

335 3000 746 3049 conservationis,
820 3000 1010 3061 Tertio,
1051 3002 1247 3049 ratione
1286 3017 1577 3051 concursus
1648 3002 1810 3051 Nemo
1847 3002 2005 3065 egitur
2038 3004 2093 3049 in
2126 3017 2172 3051 se
2199 3000 2274 3060 ipso

326 3080 584 3142 glorietur,
625 3096 764 3130 nemo
799 3096 942 3129 suam
978 3083 1265 3144 sapientiam
1280 3120 1293 3142 ,
1323 3084 1597 3145 potentiam
1614 3119 1627 3141 ,
1664 3082 1897 3131 virtutem
1916 3120 1927 3141 ,
1968 3083 2122 3131 robur
2152 3082 2275 3131 iactet,

335 3174 448 3207 cum
487 3160 634 3208 etiam
671 3161 721 3207 in
758 3160 974 3209 min-imis
1010 3177 1040 3210 a
1065 3161 1178 3209 Deo
1206 3162 1443 3225 pendeat,
1483 3171 1533 3210 et
1559 3164 1669 3211 sine
1696 3162 1849 3226 ipsius
1877 3178 1978 3226 ope
2014 3178 2080 3211 ne
2110 3172 2271 3210 manum

336 3240 536 3302 quidem
575 3255 777 3289 movere
829 3249 1009 3305 queat»
1057 3238 1310 3303 (Lessius,
1364 3242 1444 3290 De
1494 3244 1703 3306 perfect.
1756 3242 2083 3307 moribusque
2132 3236 2273 3289 divinis
2334 3296 2336 3315 Σ

337 3318 369 3364 l.
409 3319 500 3375 XI,
543 3336 584 3365 c.
626 3333 658 3377 4
699 3320 750 3365 in
793 3320 906 3378 fine,
949 3337 997 3382 p.
1047 3319 1190 3383 165).

465 3396 477 3423 ¹
519 3397 597 3443 Cf.
638 3396 736 3443 vol.
779 3398 816 3454 1,
860 3399 975 3445 226.
2334 3364 2337 3534 Ι
