2367 3850
50 215 63 220 -
124 239 207 272 DE
252 238 462 274 DOCTR.
506 237 919 276 SCHOL.C1RCA
958 238 1054 274 DEI
1094 237 1506 275 COGNITIONEM
1543 236 1918 275 NATURALEM.
1999 225 2094 288 165

6 280 47 448 ᾗ,
92 383 347 445 inducit
384 385 861 462 scepticismum,
919 404 1054 444 cum
1097 385 1438 444 facultatem
1481 383 1878 444 ratiocinandi
1920 402 1992 446 ex
2034 404 2097 445 se

94 485 305 550 ponat
344 493 477 534 esse
520 475 601 534 ad
641 475 852 533 falsum
898 470 1293 549 (atheismum)
1335 474 1698 533 inclinatam.

231 585 293 623 2.
336 565 528 622 Kulm
568 582 713 622 vero
755 559 812 640 a)
855 565 1053 624 ideam
1096 563 1324 622 inducit
1363 565 1658 634 innatam,
1711 582 1848 622 cum
1890 581 1964 622 ex
2001 583 2099 621 an-

96 654 503 730 thropologia
542 653 797 712 sciamus
836 655 1019 712 talem
1062 671 1192 712 esse
1233 654 1566 712 intellectus
1592 653 1780 713 nostri
1807 664 2095 724 naturam,

92 755 161 800 ut
222 744 465 802 nullam
517 742 790 803 admittat
843 740 1041 801 ideam
1096 742 1364 801 innatam
1386 744 1419 800 ¹.
1515 737 1580 816 b)
1637 743 1776 802 Non
1831 754 2096 819 apparet,

96 851 211 890 cur
258 834 345 892 ad
387 834 586 891 Deum
632 832 1121 907 cognoscendum
1172 831 1324 890 ratio
1364 830 1587 890 lumine
1642 831 1814 891 ideae
1858 829 1976 890 Dei
2015 831 2098 888 in·

94 931 291 980 natae
336 922 623 997 indigeat,
666 921 780 979 nisi
823 922 901 981 de
928 923 1131 981 valore
1158 920 1343 997 ipsius
1383 921 1674 980 facultatis
1703 919 2097 980 ratiocinandi

97 1011 389 1086 dubites;
442 1011 552 1070 sed
606 1021 747 1068 tunc
803 1011 920 1069 ruit
974 1011 1267 1070 certitudo
1323 1011 1517 1069 omnis
1573 1009 1930 1086 cognitionis
1981 1029 2099 1069 rne-

98 1100 333 1172 diatae,
367 1102 465 1159 vel
494 1099 677 1176 ipsius
712 1101 1041 1160 sententiae
1068 1119 1105 1158 a
1132 1100 1319 1158 Kuhn
1347 1099 1707 1176 propositae,
1740 1118 1876 1158 cum
1909 1098 2097 1158 huius·

99 1190 279 1248 modi
310 1189 629 1248 doctrinae
656 1189 1066 1265 cognitionem
1084 1189 1490 1248 immediatam
1514 1189 1838 1248 habeamus
1856 1189 2095 1246 nullam.

104 1280 445 1338 «Ceterum
486 1279 569 1351 id,
617 1279 783 1354 quod
824 1279 1008 1336 Kuhn
1050 1277 1484 1349 animadvertit,
1532 1278 1781 1336 homines
1819 1279 1975 1337 vitiis·
2013 1277 2096 1334 de-

97 1369 252 1426 ditos
296 1371 491 1426 minus
530 1375 691 1444 aptos
730 1386 843 1426 esse
883 1369 969 1425 ad
1004 1387 1094 1426 res
1134 1369 1365 1426 divinas
1405 1368 1821 1442 intellegendas,
1875 1365 2098 1426 verissi-

99 1476 275 1516 mum
315 1467 425 1516 est.
488 1458 609 1517 Sed
639 1456 785 1515 ratio
814 1475 939 1516 non
968 1465 1073 1529 est,
1120 1458 1301 1532 quod,
1345 1456 1710 1532 argumentis
1738 1455 2097 1515 sufficienter

96 1546 468 1622 perspectiS,
514 1546 735 1605 motiva
776 1548 857 1605 ad
896 1547 1346 1605 conclusionem
1388 1557 1452 1604 ut
1492 1557 1716 1604 certam
1754 1545 2097 1620 intellegen-

99 1636 253 1694 dam
297 1653 432 1694 non
475 1637 839 1709 habeantu13
892 1636 1000 1695 sed
1041 1635 1183 1694 inde
1225 1634 1422 1712 potius
1477 1636 1628 1694 ratio
1665 1634 1790 1694 eius
1833 1634 1972 1693 facti
2014 1652 2098 1693 re-

100 1727 387 1802 petenda
428 1735 519 1785 est
534 1773 549 1797 ,
607 1726 773 1800 quod
814 1725 1109 1784 eiusmodi
1146 1725 1420 1784 homines
1460 1735 1560 1783 aut
1599 1734 1845 1801 propter
1895 1742 2097 1784 sensus

102 1817 387 1875 internos
407 1814 563 1874 vitiis
584 1826 894 1890 corruptos
922 1833 1046 1872 non
1075 1823 1324 1890 possunt
1347 1815 1712 1874 intellectum
1741 1813 2099 1872 sufficienter

102 1907 429 1983 applicare
458 1905 537 1963 ad
566 1913 915 1980 argumenta
942 1904 1365 1980 intellegenda,
1409 1914 1509 1963 aut
1537 1903 1699 1979 quod
1729 1904 1886 1963 hanc
1914 1901 2096 1980 appli-

103 1996 421 2054 cationem
465 1995 791 2070 neglegunt
830 1995 927 2053 vel
960 2005 1254 2067 recusant,
1302 2012 1381 2053 ne
1422 1995 1731 2053 turbentur
1772 1984 1834 2051 in
1876 2012 1978 2053 sua
2020 1994 2097 2051 vi-

102 2086 305 2143 vendi
342 2084 630 2142 ratione.»
655 2084 677 2117 ²

894 2216 1224 2265 Alincums
1263 2228 1322 2265 11.

658 2330 757 2378 DE
794 2330 1171 2380 DOCTRINA
1215 2330 1560 2379 SCHOLAE.

230 2452 501 2511 Assertio
544 2454 594 2512 I.
638 2484 719 2494 -
757 2455 925 2512 Deus
978 2455 1244 2511 naturali
1287 2456 1528 2512 rationis
1569 2454 1851 2511 humanae
1890 2454 2098 2511 lumine

107 2550 261 2600 certo
304 2544 563 2627 cognosci
586 2551 791 2619 potest.

232 2650 420 2708 Haec
449 2648 631 2707 thesis
659 2650 736 2708 de
766 2650 883 2713 fide
914 2660 1003 2709 est
1030 2649 1189 2707 iuxta
1213 2668 1508 2709 canonem
1531 2649 1786 2708 Concilii
1801 2647 2095 2719 Vaticani,

110 2737 280 2796 cuius
309 2737 435 2795 iam
466 2737 527 2795 in
557 2737 885 2814 disciplinis
912 2738 1123 2814 logicis
1150 2737 1520 2797 mentionem
1552 2738 1827 2797 fecimus:
1875 2736 1934 2795 Si
1966 2739 2096 2813 quis

109 2827 353 2898 dixerit,
397 2828 597 2885 Deum
640 2846 821 2886 unum
856 2839 915 2886 et
943 2847 1163 2899 verum,
1211 2838 1540 2887 creatorem
1569 2838 1629 2887 et
1657 2828 1966 2888 dominum
1994 2846 2096 2884 no-

108 2926 319 2989 strum,
366 2935 477 2993 per
512 2935 600 2988 ea,
647 2935 803 2992 quae
845 2917 1000 2975 facta
1042 2928 1192 2990 sunt,
1236 2917 1487 2976 naturali
1530 2916 1774 2976 rationis
1802 2918 2094 2975 humanae

108 3005 345 3065 lumine
374 3016 540 3065 certo
570 3009 856 3081 cognosci
886 3025 1009 3065 non
1041 3022 1246 3083 posse:
1278 3009 1352 3065 A.
1377 3009 1433 3066 S.
1457 3009 1478 3041 ⁸
1507 3038 1584 3045 —
1604 3006 1837 3065 Dicitur
1865 3016 2090 3065 autem:

236 3186 257 3219 ¹
300 3188 383 3238 Cf.
423 3205 574 3254 supra
608 3208 660 3256 p.
702 3190 772 3239 60
809 3208 882 3255 sq.

232 3266 258 3300 ²
297 3268 535 3329 Boedder,
586 3270 765 3320 Theol.
806 3280 919 3321 nat.
949 3267 1051 3335 (ed.
1094 3268 1151 3335 2)
1192 3288 1241 3335 p.
1284 3283 1366 3319 22.
1431 3272 1532 3333 Qui
1571 3271 1715 3336 plura
1753 3270 1817 3318 de
1863 3268 2094 3318 fideismo

110 3350 199 3399 illo
238 3349 531 3411 desiderat,
571 3350 741 3416 leger'e
777 3360 946 3417 potest
982 3368 1112 3417 quae
1150 3352 1300 3400 docet
1338 3350 1834 3410 Hontheim,1nstit.
1877 3350 2090 3399 theodiC.

111 3448 160 3495 p.
201 3445 275 3492 44
317 3448 428 3496 sqq.
648 3428 671 3461 ⁸
707 3432 783 3483 Cf.
823 3433 920 3481 vol.
961 3432 999 3491 Ι,
1047 3442 1161 3492 127.
