2367 3850
317 185 420 234 208
945 195 1283 232 ‘rm-:omem
1323 195 1661 232 NATURALIS.

315 344 541 404 sistens,
626 344 784 402 Nam
840 344 1132 419 quidquid
1175 353 1263 403 est
1318 343 1381 401 in
1428 354 1565 422 ente
1620 363 1658 402 a
1699 361 1763 402 se
1781 389 1795 413 ,
1852 342 2040 401 debet
2096 357 2217 399 esse
2254 360 2283 398 a

317 453 397 505 se,
443 433 709 510 alioquin
753 444 906 492 esset
949 434 1205 508 aliquid,
1266 433 1431 507 quod
1472 421 1723 491 liaberet
1764 432 2169 490 exsistentiam
2208 450 2286 487 ac-

315 533 552 599 ceptam
609 523 685 580 ab
728 522 872 593 alin,
930 533 990 580 et
1031 522 1290 598 proinde
1334 522 1478 580 illud
1520 521 1680 580 aliud
1722 531 1880 580 esset
1921 522 2121 591 DeuS,
2176 537 2289 577 non
2333 504 2334 546 ἶ

315 623 512 670 autem
555 611 716 682 illud,
762 611 927 686 quod
968 612 1152 670 habet
1192 629 1322 670 esse
1365 621 1689 686 receptum,
1734 611 1879 685 quia
1920 611 2122 669 Deum
2165 609 2291 666 dici·
2333 599 2334 660 ἶ

319 719 448 760 mus
491 719 598 759 ens
640 720 675 759 a
719 718 801 772 se,
847 700 1009 774 quod
1051 701 1237 758 habet
1278 717 1407 758 esse
1451 700 1827 776 irreceptum.
2333 689 2334 692 ¹

438 797 557 856 Sed
599 797 774 867 illud,
819 797 984 873 quod
1025 807 1115 855 est
1157 817 1193 854 a
1234 816 1316 868 se,
1365 807 1454 855 est
1495 798 1689 872 ipsum
1731 815 1861 856 esse
1904 806 2045 854 actu
2090 814 2197 871 per
2236 813 2290 852 se

318 887 619 945 exsistenS.
697 887 862 961 Ergo
906 885 1202 961 quidquid
1244 896 1335 944 est
1374 885 1439 943 in
1479 887 1633 957 Deo,
1679 896 1769 944 est
1809 903 1989 943 unum
2038 894 2103 944 et
2144 885 2289 941 idem

319 993 447 1034 esse
490 987 625 1036 actu
667 993 778 1050 per
817 993 880 1033 se
925 976 1225 1033 exsistens,

441 1076 509 1130 In
553 1083 690 1131 ente
733 1089 896 1144 ver0,
947 1073 1009 1130 in
1052 1091 1174 1147 quo
1219 1073 1422 1130 omnia
1462 1082 1598 1130 sunt
1638 1091 1821 1130 unum
1864 1082 1924 1130 et
1964 1071 2131 1128 idem
2174 1088 2290 1128 esse

320 1172 454 1221 actu
483 1180 591 1237 per
620 1178 683 1220 se
713 1160 1016 1231 exsistenS,
1048 1177 1170 1218 non
1202 1171 1450 1236 possunt
1476 1160 1757 1236 distingui
1778 1171 1977 1235 partes
1992 1159 2288 1236 physicae,

323 1251 462 1326 quia
517 1249 720 1310 omnia
775 1261 908 1308 sunt
965 1249 1177 1309 eadem
1226 1269 1351 1322 reS,
1407 1268 1524 1309 nec
1581 1259 1779 1326 partes
1838 1249 2290 1324 metaphysicae,
2335 1277 2336 1284 κ

322 1342 460 1414 quia
513 1339 660 1398 nihil
717 1348 913 1414 potest
972 1340 1032 1397 in
1089 1339 1222 1414 ipso
1277 1338 1516 1415 concipi
1571 1351 1636 1398 ut
1689 1339 2065 1414 perfectibile
2122 1349 2181 1396 et
2236 1337 2291 1394 in

321 1429 604 1504 potentia.
627 1469 644 1480 ·

785 1545 952 1618 Ergo
992 1543 1160 1602 Deus
1202 1550 1284 1601 est
1321 1545 1547 1601 omnino
1588 1545 1841 1620 simplex.

444 1722 507 1803 b)
551 1730 714 1787 Deus
745 1738 834 1786 est
862 1747 958 1786 ens
985 1729 1206 1804 infinite
1233 1728 1570 1805 perfectum.
1632 1727 1757 1788 Sed·
1781 1747 1889 1788 ens
1917 1728 2141 1786 infinite
2171 1744 2287 1802 per·

327 1818 545 1876 fectum
589 1828 676 1876 est
731 1819 977 1875 omnino
1021 1817 1287 1892 simplex.
1374 1818 1651 1876 Excludit
1706 1817 1865 1876 enim
1915 1828 2111 1893 partes
2156 1816 2287 1892 phy-

326 1906 510 1980 sicas3
564 1926 704 1965 nam
762 1918 958 1983 partes
999 1905 1314 1983 physicae,
1374 1924 1449 1967 eo
1500 1907 1631 1984 ipso
1688 1907 1851 1982 quod
1907 1916 2043 1967 sunt
2081 1914 2282 1983 parteS,

327 2015 576 2070 quarum
617 2014 737 2054 una
778 2015 903 2054 non
957 2006 1046 2055 est
1092 1997 1236 2067 alia,
1296 2008 1432 2056 sunt
1472 2016 1566 2057 res
1622 1997 1940 2072 limitatae3
1994 1996 2101 2056 sed
2142 2013 2287 2053 com·
2337 1998 2338 2043 ἒ

326 2084 601 2161 positum,
648 2085 812 2160 quod
855 2095 1086 2143 constat
1116 2104 1190 2143 ex
1227 2087 1405 2144 rebus
1433 2084 1710 2156 limitatis,
1755 2087 1949 2162 ipsum
1993 2086 2285 2143 limitatum
2337 2078 2338 2081 ’

329 2174 400 2233 sit
453 2185 710 2249 oportet.
795 2174 992 2233 Finito
1049 2174 1211 2234 enim
1268 2175 1474 2233 addito
1517 2175 1595 2233 ad
1637 2175 1897 2248 finitum,
1953 2193 2078 2233 non
2119 2172 2289 2231 oritur

328 2262 438 2321 nisi
481 2263 728 2321 finitum.

451 2362 613 2436 Ergo
671 2378 851 2419 omne
907 2361 1201 2419 infinitum
1258 2361 1519 2420 excludit
1570 2371 1769 2436 partes
1816 2360 2109 2437 physicas,
2188 2359 2289 2415 Ex-

329 2449 512 2508 cludit
553 2452 728 2508 etiam
773 2450 1274 2525 compositionem
1320 2450 1806 2526 metaphysicam.
1891 2452 1963 2507 In
2007 2458 2289 2522 conceptu

327 2539 489 2597 enim
543 2538 754 2598 infiniti
810 2538 954 2597 nihil
1014 2538 1255 2615 concipi
1321 2549 1517 2614 potest
1574 2548 1637 2596 ut
1694 2538 2069 2615 perfectibile
2128 2546 2183 2595 et
2233 2536 2287 2591 in

328 2628 612 2703 potentia,
657 2628 763 2686 sed
806 2627 988 2685 menti
1033 2628 1373 2686 necessario
1416 2637 1666 2704 apparet
1707 2626 2001 2686 infinitum
2043 2637 2105 2685 ut
2138 2636 2288 2684 actus

329 2733 507 2789 purus
537 2714 664 2774 sine
694 2716 814 2774 ulla
841 2716 1207 2774 admixtione
1236 2717 1557 2792 potentiae.
1604 2716 1874 2775 -Proinde
1902 2734 2031 2774 non
2060 2723 2287 2791 possunt

328 2804 390 2859 in
433 2805 563 2879 ipso
606 2804 884 2880 distingui
929 2814 1259 2879 conceptus
1299 2804 1519 2865 diversi
1562 2822 1697 2863 cum
1742 2805 2129 2863 fundamento
2172 2820 2288 2878 per-

331 2892 489 2951 fecto
533 2892 592 2951 in
638 2911 719 2953 re.

795 3026 960 3099 Ergo
1000 3025 1168 3083 Deus
1210 3033 1292 3083 est
1330 3027 1555 3085 omnino
1597 3026 1847 3111 simpleff.

455 3210 507 3247 2.
552 3190 922 3263 Argumentis
957 3192 1282 3268 specialibus
1308 3194 1427 3251 hoc
1468 3192 1629 3252 idem
1658 3192 1897 3251 ostendi
1924 3202 2133 3268 potest,
2172 3207 2286 3265 per-

331 3279 632 3337 currendo
675 3279 902 3339 scilicet
943 3280 1209 3339 diversas
1250 3283 1505 3355 partium
1548 3280 1796 3357 specieS,
1840 3298 1991 3355 quas
2028 3280 2089 3339 in
2128 3278 2285 3337 rebus

357 3366 548 3421 *reatis
588 3365 937 3425 invenimus.
