2367 3850
1088 8 1094 14 '
1164 28 1186 56 ι

489 181 781 217 APPENDIX
818 181 895 218 AD
935 180 1152 218 LIBRUM
1192 181 1227 218 Ῑ.
1289 179 1365 216 DE
1406 179 1712 217 ATHEISMO.
1992 165 2090 225 189

232 321 288 402 a)
325 327 558 386 Certum
587 339 676 388 est
701 347 879 404 posse
909 346 1037 388 esse
1065 339 1127 387 et
1151 345 1364 388 revera
1390 346 1519 388 esse
1548 327 1839 397 homines,
1870 325 1971 402 qui
2001 345 2096 384 no-

123 417 260 474 tione
301 426 592 493 eapressa‚
633 419 814 488 clara,
857 419 1118 478 dictincta
1157 419 1329 476 um‘us
1354 417 1494 486 Dei,
1538 417 1796 476 auctoris
1836 417 2095 492 supremi

122 505 288 564 totius
327 517 598 578 naturae,
654 507 1058 566 destituantur.
1144 509 1287 566 Hoc
1334 508 1496 565 enim
1544 505 1912 582 experientia
1958 523 2098 566 con-

122 605 239 653 stat.
323 597 506 655 Tales
562 597 797 654 fuerunt
839 615 890 655 e.
935 616 990 672 g.
1035 597 1311 655 homines
1326 642 1341 668 ,
1399 596 1501 672 qui
1552 597 1613 654 in
1657 595 1917 654 Australi
1958 614 2098 654 con-

123 684 343 742 tinente
387 703 499 760 per
540 696 628 744 tot
670 704 862 744 annos
901 687 1211 746 latuerant.

234 777 296 857 b)
335 783 570 840 Certum
597 794 687 842 est
711 801 838 841 non
868 801 1044 859 posse
1073 801 1204 844 esse
1232 783 1505 842 homines
1534 782 1780 841 rationis
1808 801 1913 842 usu
1931 799 2099 859 prae·

122 871 285 943 ditos,
347 872 454 947 qui
496 872 578 931 ita
619 875 817 932 Deum
861 874 1155 949 ignorent,
1203 883 1267 931 ut
1308 875 1529 931 notione
1570 872 1693 931 eius
1738 873 2007 949 implicita
2046 880 2103 928 et

123 961 356 1034 confusa
398 962 805 1021 destituantur.
892 963 1104 1021 Omnis
1147 961 1309 1020 enim
1351 962 1534 1020 homo
1552 1006 1566 1033 ,
1611 979 1747 1020 cum
1789 961 1867 1020 ad
1908 978 2099 1020 annos

123 1050 495 1111 discretionis
549 1051 852 1127 pervenit,
909 1069 984 1110 eo
1040 1051 1201 1127 ips0,
1261 1051 1427 1126 quod
1480 1051 1709 1112 bonum
1765 1062 1824 1110 et
1878 1051 2097 1110 malum

125 1138 434 1210 discernit,
493 1139 778 1216 implicite
822 1139 883 1198 in
929 1141 1064 1216 lege
1105 1142 1204 1199 illa
1247 1141 1459 1199 morali
1500 1141 1770 1198 absoluta
1811 1139 2101 1214 legislato-

125 1246 241 1286 rem
283 1247 630 1306 supremum
673 1231 960 1305 agnoscit.
1021 1261 1097 1268 —
1151 1231 1470 1289 Praeterea
1515 1247 1589 1288 ex
1646 1227 1893 1288 diversis
1935 1247 2101 1304 argu-

126 1319 348 1390 mentiS,
397 1321 612 1394 quibus
641 1319 759 1378 Dei
787 1319 1128 1378 exsistentia
1154 1319 1460 1395 probatur,
1504 1319 1834 1377 luculenter
1868 1329 2101 1376 constat

127 1407 482 1468 intellectum
527 1419 795 1467 nostrum
851 1427 924 1468 ex
965 1408 1472 1484 contemplatione
1524 1425 1723 1466 rerum
1776 1406 2103 1466 mundana·

128 1515 248 1554 rum
286 1507 413 1556 tam
458 1497 619 1555 facili
661 1496 926 1556 discursu
967 1499 1165 1557 Deum
1216 1515 1577 1573 agnoscere,
1636 1506 1696 1556 et
1735 1496 2099 1555 voluntatem

128 1597 386 1645 nostram
430 1588 596 1646 bona
624 1586 1000 1663 particularia
1028 1585 1375 1664 appetendo
1417 1597 1539 1646 tam
1582 1584 1833 1644 naturali
1874 1586 2099 1662 impetu

129 1675 183 1730 in
209 1677 439 1735 bonum
465 1676 800 1737 universale
829 1677 986 1750 ferri,
1031 1687 1094 1735 ut
1123 1675 1349 1752 optimo
1378 1676 1505 1735 iure
1534 1693 1667 1733 cum
1700 1675 1799 1734 SS.
1832 1675 2099 1734 Patribus

131 1767 430 1825 notionem
462 1765 584 1824 Dei
624 1766 933 1825 hominum
976 1766 1259 1825 cordibus
1301 1766 1469 1842 quasi
1511 1765 1927 1824 inseminatam
1969 1783 2098 1824 esse

131 1853 320 1913 dicere
363 1856 678 1931 possimus

244 1984 294 2021 2.
339 1963 568 2035 Quoad
609 1963 816 2022 atheos
844 1966 1132 2040 positivos.

237 2054 295 2135 a)
321 2058 688 2119 Communius
707 2060 1030 2120 admittitur
1047 2071 1107 2121 et
1126 2071 1353 2119 certum
1374 2078 1503 2119 esse
1523 2057 1756 2118 videtur
1775 2077 1901 2117 non
1923 2076 2097 2134 posse

129 2165 246 2207 esse
289 2149 504 2208 atheos
545 2150 844 2226 positiVOS,
890 2150 993 2225 qui
1033 2152 1172 2209 certi
1210 2150 1341 2221 sint,
1387 2151 1422 2208 i.
1454 2168 1505 2209 e.
1540 2150 1642 2224 qui
1684 2148 1811 2207 sine
1854 2149 1972 2207 ulla
2014 2166 2099 2206 er-

129 2238 293 2298 randi
335 2238 660 2297 formidine
702 2240 891 2299 sciant
931 2242 1129 2298 Deum
1169 2258 1298 2298 non
1344 2239 1641 2298 exsistere.
1726 2237 1884 2295 Nam
1935 2255 2100 2312 argu-

130 2338 322 2386 menta
337 2374 352 2400 ,
412 2346 569 2404 quae
612 2329 690 2387 ad
730 2328 1106 2405 probandam
1149 2330 1265 2387 Dei
1314 2329 1713 2388 exsistentiam
1756 2327 2096 2398 afferuntur,

129 2418 266 2475 tanti
321 2427 459 2475 sunt
514 2418 799 2476 momenti
815 2464 830 2490 ,
885 2428 950 2476 ut
993 2436 1130 2477 eum
1147 2466 1160 2491 ‚
1220 2418 1320 2493 qui
1376 2419 1453 2477 de
1508 2417 1649 2493 ipsis
1693 2414 1943 2491 cogitat,
2003 2414 2102 2475 ali·

133 2507 376 2579 qualiter
418 2508 628 2565 saltem
669 2525 912 2566 movere
953 2508 1233 2567 debeant.

236 2598 304 2679 b)
355 2605 590 2663 Certum
631 2624 744 2663 csse
769 2607 994 2665 videtur
1021 2623 1148 2676 esse
1185 2624 1363 2683 posse
1404 2606 1613 2664 atheos
1653 2603 1955 2680 positiv08‚
2000 2603 2102 2677 qui

133 2692 300 2751 etiam
343 2693 422 2752 ad
464 2695 699 2769 longius
740 2707 972 2771 tempus
1014 2695 1168 2755 serio
1216 2696 1510 2766 iudicent,
1568 2693 1675 2753 sed
1727 2692 1950 2752 iudicio
1992 2694 2101 2767 opi-

133 2783 320 2840 native
344 2784 380 2851 ¹,
424 2783 623 2842 Deum
665 2804 788 2844 non
831 2802 977 2845 esse.
1061 2786 1204 2845 Hoc
1248 2786 1407 2844 enim
1450 2782 1695 2860 probari
1738 2781 1969 2841 videtur
2011 2799 2104 2839 ex-

133 2870 433 2943 perientia.
523 2873 644 2932 Sed
700 2894 774 2933 ex
814 2875 944 2951 ipsa
989 2886 1200 2933 natura
1256 2884 1737 2950 argumentorum
1756 2918 1769 2945 ,
1831 2889 1985 2946 quae
2040 2870 2102 2927 in

133 2958 396 3019 favorem
452 2960 824 3022 exsistentiae
877 2962 995 3023 Dei
1055 2965 1410 3035 afferuntur,
1468 2963 1607 3021 item
1666 2972 1831 3021 certo
1890 2959 2104 3019 seimus

132 3050 305 3108 talem
346 3049 700 3125 opinionem
742 3064 896 3112 stare
923 3072 1064 3113 ,non
1107 3072 1284 3129 posse
1326 3054 1454 3112 sine
1495 3051 1661 3128 gravi
1704 3048 2104 3125 imprudentia

135 3141 217 3197 vel
262 3139 434 3215 gravi
475 3143 872 3217 neglegentia.

253 3370 270 3401 ¹
308 3372 391 3421 Cf.
430 3373 529 3423 vol.
571 3375 609 3434 Ι,
657 3386 769 3436 177.
