2367 3850
743 243 819 278 DE
860 242 1067 280 DIVINO
1108 241 1431 279 CONCURSU.
1972 237 2071 288 217

91 388 430 448 actionibus
471 389 816 448 immediate
860 406 1221 448 concurrere
1239 436 1253 461 ‚
1313 407 1388 448 eo
1430 388 1593 464 quod
1640 399 1739 447 aut
1781 389 1907 464 ipse
1950 388 2079 446 sine

91 489 496 537 creaturarum
527 480 763 536 actione
793 472 1119 554 potentiam
1161 478 1240 536 ad
1268 490 1467 536 actum
1497 479 1755 554 applicat
1784 495 2077 536 concursu

93 569 178 624 vel
222 567 583 626 simultaneo
625 569 720 626 vel
765 567 1042 642 praevi03
1083 578 1200 640 aut,
1245 567 1294 625 si
1322 575 1723 626 creaturarum
1762 565 2078 625 intervenit

91 657 376 726 influxus,
432 675 508 715 eo
551 657 717 731 quod
758 655 848 714 his
891 657 1173 715 creaturis
1215 672 1291 714 eo
1333 666 1666 727 momente,
1712 673 1833 730 quo
1874 665 2075 730 agunt,

90 762 210 802 non
253 746 453 803 solum
495 763 626 804 esse
668 756 1000 818 conservat,
1045 745 1154 804 sed
1194 743 1385 822 ipsam
1428 744 1547 803 vim
1590 744 1841 821 agendi,
1884 743 2075 821 ipsum

93 843 291 891 actum
337 833 560 910 agendi
599 835 694 892 vel
739 844 965 892 motum
1007 834 1241 893 tribuat.
1327 837 1397 892 In
1441 833 1593 893 serie
1636 834 1795 893 enim
1839 834 1915 892 ab
1957 832 2075 892 alio

93 933 422 994 motorum,
465 923 722 998 primum
765 941 1043 994 movenS,
1088 923 1373 995 diximuS,
1436 923 1516 981 ita
1560 934 1649 982 est
1689 922 1841 981 ratio
1885 933 2078 980 motus

95 1011 584 1086 uniuscuiusque,
640 1023 733 1084 ut,
791 1013 839 1070 si
882 1011 1076 1087 ipsum
1117 1012 1382 1085 deesset,
1440 1014 1630 1072 nullus
1672 1030 1881 1071 revera
1922 1020 2079 1071 esset

96 1111 290 1158 motus
321 1103 354 1159 ¹.

213 1190 358 1264 Qua
411 1189 659 1265 quidem
715 1190 980 1248 motione
1023 1192 1186 1249 Deus
1242 1203 1405 1250 recte
1462 1189 1677 1249 dicitur
1736 1189 2077 1249 immediate

98 1297 460 1338 concurrere
515 1280 594 1338 ad
649 1279 918 1339 actiones
972 1291 1373 1338 creaturarum
1431 1279 1728 1350 omnium,
1792 1279 1839 1336 si
1898 1296 2078 1336 voces

105 1368 434 1426 «mediate»
482 1379 542 1427 et
589 1368 1001 1428 «immediate»
1049 1379 1356 1426 sumuntur
1397 1386 1602 1439 sensu,
1666 1386 1847 1441 quem
1902 1386 2080 1442 supra

101 1452 174 1530 (p.
211 1453 354 1531 214)
385 1457 822 1533 explicavimus.
881 1459 1046 1516 Deus
1074 1457 1253 1528 enim,
1294 1457 1443 1515 sicut
1471 1468 1773 1516 ostensum
1805 1467 1907 1527 est,
1954 1474 2074 1514 non

100 1546 286 1603 solum
317 1547 422 1604 dat
451 1546 782 1621 potentiam
812 1546 1051 1623 agendi,
1089 1565 1215 1604 non
1244 1548 1436 1605 solum
1464 1555 1777 1604 conservat
1807 1546 2076 1614 formam,

98 1653 166 1690 ex
206 1653 334 1709 qua
374 1635 655 1711 procedit
686 1635 977 1710 operati0‚
1022 1636 1128 1694 sed
1159 1646 1217 1694 et
1246 1636 1437 1709 ipsam
1465 1634 1793 1710 potentiam
1823 1634 1899 1692 ad
1930 1652 2079 1709 opus

99 1725 376 1798 applicat,
423 1724 538 1799 ipsi
580 1723 807 1783 scilicet
847 1724 1198 1796 tribuendO,
1242 1735 1305 1782 ut
1346 1724 1418 1783 sit
1460 1743 1644 1800 agens
1687 1734 1851 1794 actu,
1897 1723 1977 1781 ita
2016 1733 2079 1781 ut

108 1813 200 1876 «in,
240 1813 526 1872 omnibus
569 1813 773 1871 intime
817 1823 1127 1888 operetur»
1158 1813 1196 1871 ².

215 1902 359 1962 Alio
401 1911 604 1961 autem
645 1921 823 1962 sensu
876 1902 1085 1961 harum
1141 1920 1357 1961 vocum
1376 1949 1390 1974 ,
1445 1903 1543 1961 hic
1599 1919 1920 1961 concursus
1962 1903 2078 1960 Dei

101 1993 158 2048 in
195 1994 392 2049 multis
446 1993 614 2049 rebus
671 1992 946 2051 mediatus
1002 2011 1130 2051 esse
1185 2010 1309 2050 non
1367 1990 1560 2049 minus
1614 2003 1778 2051 recte
1834 1992 2075 2050 dicitur:

101 2099 170 2137 eo
211 2081 444 2139 scilicet
485 2098 690 2152 sensu,
745 2082 910 2156 quod
953 2082 1146 2153 DeuS,
1206 2100 1281 2140 ex
1322 2080 1641 2139 constituto
1684 2081 1927 2151 ordine,
1986 2100 2081 2139 res

103 2170 222 2226 illas
263 2170 345 2228 ad
389 2169 806 2245 operationem
857 2180 1242 2245 praemoveat
1297 2169 1695 2229 mediantibus
1751 2168 1940 2228 causis
1996 2189 2079 2228 se-

103 2258 324 2331 cundiS,
369 2259 520 2319 sicut
560 2278 656 2317 res
697 2260 1031 2319 materiales
1073 2260 1136 2318 in
1179 2278 1309 2319 esse
1352 2277 1555 2318 earum
1600 2260 1825 2317 formae
1861 2259 2080 2316 viribus

108 2348 312 2406 creatis
383 2357 716 2408 conservat.
805 2348 977 2421 Quae
1046 2348 1249 2407 omnia
1318 2347 1687 2425 experientia
1744 2368 1887 2408 vera
1950 2366 2077 2407 esse

110 2455 336 2496 selmuS.

214 2536 490 2593 Voluntas
531 2540 716 2591 autem
757 2535 1043 2603 humana,
1105 2553 1240 2593 cum
1298 2535 1370 2593 sit
1424 2534 1691 2610 potentia
1747 2532 2078 2608 spiritualiS‚

107 2622 443 2681 naturaliter
487 2623 740 2681 tendens
783 2623 860 2680 ad
903 2624 1128 2681 bonum
1170 2624 1506 2682 universum
1530 2668 1542 2692 ‚
1590 2624 1832 2698 quando
1875 2623 2080 2681 transit

110 2710 176 2769 de
215 2713 490 2787 potentia
532 2711 609 2770 ad
653 2723 850 2770 actum
867 2758 881 2783 ,
944 2732 982 2769 a
1023 2714 1179 2770 nullo
1234 2714 1374 2770 bono
1410 2713 1587 2789 finito
1641 2714 1856 2771 moveri
1896 2720 2084 2788 potest

108 2802 183 2857 ad
212 2807 433 2869 actum,
478 2800 541 2859 id
586 2801 748 2875 quod
794 2799 1191 2875 experientia,
1238 2802 1582 2876 praesertim
1626 2802 1886 2871 interna,
1936 2802 2078 2860 item

113 2888 416 2948 evidenter
469 2888 788 2965 probatum
844 2890 1132 2947 habemus
1157 2890 1196 2948 ⁸.
1282 2888 1621 2948 Dicendum
1678 2902 1766 2950 est
1825 2891 2079 2967 proinde

110 2979 468 3037 voluntatem
512 2979 832 3037 humanam
875 2978 938 3036 in
981 2990 1116 3037 actu
1158 2996 1266 3037 suo
1311 2978 1499 3037 libero
1541 2999 1579 3035 a
1632 2982 1746 3038 solo
1786 2980 1917 3039 Deo
1977 2981 2079 3038 im-

224 3184 239 3216 ¹
281 3186 361 3235 Cf.
400 3186 500 3235 vol.
542 3188 580 3247 I,
623 3200 922 3248 402—404.

219 3264 241 3295 ²
283 3268 334 3315 S.
380 3266 568 3325 Thom„
608 3267 659 3317 S.
700 3268 853 3317 theol.
881 3268 920 3327 1,
961 3285 1010 3333 q.
1046 3278 1159 3331 105,
1202 3285 1244 3316 a.
1278 3278 1303 3331 5
1334 3284 1407 3316 c.:
1450 3267 1624 3317 Utrum
1664 3266 1805 3314 Deus
1842 3274 2078 3330 operetur

115 3345 157 3393 in
194 3347 334 3395 omni
373 3354 636 3411 operante.

224 3425 248 3457 ⁸
288 3426 365 3477 Cf.
407 3442 558 3493 supra
594 3445 645 3492 p.
687 3428 748 3477 81
781 3445 889 3494 sqq.
