2367 3850
412 213 492 249 DE
533 210 994 248 OPERATIONIBUS
1034 210 1145 246 VEL
1182 207 1420 248 ACTIBUS
1460 208 1842 246 VOLUNTATIS.
2039 196 2108 256 89

118 371 381 437 apparet
423 379 499 419 ex
546 360 619 420 iis
635 407 649 433 ,
712 377 868 434 quae
922 356 1408 433 supradiximus
1462 357 1525 414 in
1580 356 1972 433 responsione
2029 357 2107 416 ad

116 449 417 524 quintum.
504 451 723 525 Neque
778 447 1220 507 difficultatibus
1273 447 1388 505 hac
1431 445 1492 504 in
1535 464 1601 504 re
1655 446 1868 506 irretiri
1913 457 2109 522 potest

116 539 224 613 qui
282 538 498 597 sedulo
540 537 847 612 distinguit
888 536 1045 595 inter
1083 537 1334 594 liberam
1389 537 1712 594 decisionem
1757 547 1816 594 et
1857 536 2107 594 liberam

116 629 441 686 electionem
466 629 499 685 ¹.

246 737 301 775 2.
349 719 445 775 De
487 727 693 774 mutuo
733 716 955 774 influxu
994 714 1313 774 voluntatis
1355 725 1414 773 et
1455 716 1812 790 passionum.

242 805 639 882 Experientia
666 804 883 864 scimus
909 821 1342 880 saepenumero
1371 821 1446 862 ex
1472 805 1601 864 sola
1626 803 2106 881 apprehensione

117 896 327 954 sensili
369 895 516 954 boni
557 897 654 953 vel
695 895 837 952 mali
866 893 1094 952 sensilis
1125 893 1268 951 oriri
1295 893 1358 951 in
1385 893 1560 952 nobis
1589 904 1782 952 motus
1811 893 2104 970 appetitus

116 984 387 1042 sensitivi
444 994 585 1043 ante
640 983 1070 1042 advertentiam
1128 982 1389 1042 rationis,
1463 985 1661 1041 Motus
1707 982 1788 1040 illi
1831 983 2106 1042 dicuntur

106 1075 306 1148 primo
337 1075 553 1150 primi,
615 1072 748 1147 qui,
807 1092 945 1131 cum
984 1071 1230 1130 rationis
1285 1083 1484 1130 actum
1527 1071 1919 1146 praecedant,
1977 1090 2101 1131 non

120 1163 351 1221 cadunt
390 1164 500 1221 sub
542 1161 796 1238 imperio
838 1161 1153 1219 voluntatis
1195 1160 1419 1220 liberae

240 1253 565 1310 Praeterea
592 1248 957 1327 experientia
984 1251 1130 1308 item
1158 1249 1376 1308 scimus
1405 1251 1620 1310 multos
1647 1268 1778 1309 esse
1808 1249 2102 1326 appetitus

122 1340 385 1400 sensitivi
443 1351 639 1399 motus
656 1386 670 1412 ,
735 1359 885 1414 quos
939 1340 1210 1398 voluntas
1264 1339 1522 1415 dirigere
1577 1349 1789 1416 potest.
1875 1340 2104 1399 Scimus

123 1431 285 1488 enim
341 1429 492 1488 iram
539 1447 591 1488 e.
635 1448 691 1504 g.
752 1431 847 1487 vel
902 1447 1169 1487 amorem
1231 1428 1527 1488 rationum
1583 1427 1929 1502 momentiS,
1993 1429 2100 1488 sub

121 1518 341 1576 influxu
395 1517 715 1578 voluntatis
770 1517 963 1576 sedari
1017 1519 1114 1576 vel
1169 1517 1298 1592 regi
1353 1535 1545 1593 posse.
1631 1517 1814 1591 Quod
1855 1517 2100 1592 quidem

120 1607 439 1666 voluntatis
489 1606 805 1683 imperium
857 1606 999 1665 item
1040 1606 1270 1682 experti
1313 1625 1512 1666 sumus
1549 1624 1675 1664 non
1718 1625 1847 1666 esse
1890 1607 2100 1683 despo-

124 1696 319 1767 ticum,
352 1696 463 1754 sed
490 1695 816 1771 politicum.
862 1695 923 1754 Si
951 1695 1198 1771 quidem
1224 1697 1497 1755 voluntas
1525 1706 1750 1755 motum
1770 1697 2098 1754 naturalem

125 1786 419 1859 appetitus
461 1783 722 1843 sensitivi
764 1783 1066 1843 destruere
1107 1802 1234 1843 non
1277 1795 1489 1860 potest,
1533 1786 1641 1845 sed
1678 1785 2098 1861 praecavendo

126 1873 411 1950 impedire
467 1884 695 1932 tantum
756 1890 1190 1950 saepenumero
1251 1883 1478 1950 potest,
1550 1892 1626 1934 ne
1689 1873 1938 1947 oriatur,
1999 1877 2095 1936 vel

126 1965 298 2022 etiam
340 1964 528 2022 motui
570 1963 690 2022 iam
731 1974 864 2021 orto
896 1964 1198 2023 moderari
1227 1973 1439 2040 potest,
1483 1964 1563 2022 ita
1590 1975 1793 2024 tamen
1820 1976 1884 2025 ut
1911 1966 2095 2042 possit

126 2070 574 2128 nonnumquam
615 2052 911 2129 appetitus
950 2053 1240 2112 voluntati
1281 2071 1633 2130 repugnare.

240 2142 627 2219 Experientia
683 2141 947 2217 denique
1009 2154 1382 2219 compertum
1441 2144 1728 2203 habemus
1788 2144 2094 2221 passiones

129 2249 575 2306 nonnumquam
626 2230 873 2291 influere
928 2232 992 2289 in
1031 2231 1224 2308 ipsam
1277 2234 1642 2292 voluntatem
1660 2280 1673 2305 ‚
1729 2235 2094 2295 intellectum

132 2319 529 2393 perturbando
571 2321 665 2378 vel
709 2322 917 2379 saltem
960 2321 1390 2381 obnubilandO.
1469 2322 1886 2382 «Manifestum
1945 2333 2087 2395 est,>›

132 2409 204 2466 ait
241 2410 295 2467 S.
332 2411 586 2480 Doctor,
639 2410 838 2484 <quod
878 2411 1208 2470 secundum
1247 2410 1588 2487 passionem
1630 2412 1925 2489 appetitus
1967 2431 2094 2471 sen-

137 2496 275 2555 sitivi
318 2498 660 2556 immutatur
700 2498 882 2557 homo
930 2500 1010 2558 ad
1050 2499 1312 2574 aliquam
1357 2500 1824 2575 dispositionem.
1910 2502 2091 2561 Unde

132 2587 446 2646 secundum
490 2587 657 2661 quod
683 2586 866 2647 homo
910 2598 998 2647 est
1038 2588 1099 2647 in
1128 2589 1404 2666 passione
1447 2590 1663 2665 aliqua,
1707 2591 1938 2649 videtur
1979 2590 2090 2669 ipsi

132 2676 340 2749 aliquid
381 2676 769 2749 convenienS,
814 2678 979 2751 quod
1021 2696 1145 2735 non
1173 2679 1406 2737 videtur
1447 2680 1502 2737 ei
1545 2689 1710 2738 extra
1750 2681 2090 2756 passionem

133 2763 449 2839 exsistenti3
507 2764 657 2823 sicut
706 2765 857 2823 irato
897 2766 1130 2826 videtur
1169 2768 1394 2827 bonum
1414 2815 1428 2840 ‚
1487 2769 1651 2843 quod
1693 2786 1817 2827 non
1858 2770 2092 2829 videtur

136 2852 333 2925 quiet0.
420 2856 498 2912 Et
542 2873 650 2929 per
690 2855 850 2913 hunc
892 2855 1136 2915 modum
1180 2875 1254 2915 ex
1295 2866 1464 2933 parte
1520 2858 1740 2917 obiecti
1797 2859 2089 2935 appetitus

137 2939 423 3000 sensitivus
464 2953 665 3001 movet
706 2945 1126 3004 voluntatem.»
1152 2946 1173 2978 ²

246 3148 264 3183 ¹
298 3152 397 3215 Qui
433 3154 581 3218 plura
618 3155 682 3203 de
718 3155 815 3204 hac
852 3172 907 3204 re
944 3158 1192 3221 inquirere
1232 3159 1498 3221 desiderat,
1547 3161 1715 3226 legere
1753 3171 1920 3228 potest
1957 3180 2086 3228 quae

148 3228 259 3278 circa
302 3232 431 3282 hanc
484 3235 832 3298 quaestionem
884 3247 1143 3301 exponunt
1193 3239 1412 3289 Lehmen
1451 3240 1482 3289 l.
1525 3257 1568 3289 c.
1607 3258 1657 3305 p.
1699 3252 1801 3305 457
1842 3259 1950 3307 sqq.
1971 3281 1982 3303 ,
2037 3253 2086 3292 et

150 3308 337 3360 Boedder
369 3311 403 3362 l.
441 3329 484 3362 c.
525 3331 575 3379 p.
618 3325 719 3377 273
759 3332 868 3381 sqq.

251 3387 270 3419 ²
302 3393 350 3440 S.
397 3393 584 3454 mom„
625 3394 674 3445 S.
715 3396 869 3446 theol.
908 3398 949 3457 1,
987 3398 1053 3458 11,
1094 3415 1144 3462 q.
1184 3411 1232 3458 9,
1273 3415 1316 3448 a.
1359 3410 1406 3446 2.
