<?xml version="1.0" encoding="UTF-8"?>
<!DOCTYPE html PUBLIC "-//W3C//DTD XHTML 1.0 Transitional//EN"
    "http://www.w3.org/TR/xhtml1/DTD/xhtml1-transitional.dtd">
<html xmlns="http://www.w3.org/1999/xhtml" xml:lang="en" lang="en">
 <head>
  <title>
</title>
<meta http-equiv="Content-Type" content="text/html;charset=utf-8" />
  <meta name='ocr-system' content='tesseract 3.04.00' />
  <meta name='ocr-capabilities' content='ocr_page ocr_carea ocr_par ocr_line ocrx_word'/>
</head>
<body>
  <div class='ocr_page' id='page_1' title='image "./elementaphiloso01reingoog_0227.png"; bbox 0 0 2367 3850; ppageno 0'>
   <div class='ocr_carea' id='block_1_1' title="bbox 24 0 975 94">
    <p class='ocr_par' dir='ltr' id='par_1_1' title="bbox 24 0 975 94">
     <span class='ocr_line' id='line_1_1' title="bbox 24 0 975 94; baseline 0 3756"><span class='ocrx_word' id='word_1_1' title='bbox 24 0 975 94; x_wconf 95' lang='lat' dir='ltr'><strong> </strong></span> 
     </span>
    </p>
   </div>
   <div class='ocr_carea' id='block_1_2' title="bbox 665 251 2065 289">
    <p class='ocr_par' dir='ltr' id='par_1_2' title="bbox 665 251 2065 289">
     <span class='ocr_line' id='line_1_2' title="bbox 665 251 2065 289; baseline 0.001 -2"><span class='ocrx_word' id='word_1_2' title='bbox 665 251 744 287; x_wconf 82' lang='lat' dir='ltr'><strong>DE</strong></span> <span class='ocrx_word' id='word_1_3' title='bbox 783 251 1348 288; x_wconf 73' lang='lat' dir='ltr'>SUBSTANTIALITATE</span> <span class='ocrx_word' id='word_1_4' title='bbox 1388 253 1504 289; x_wconf 85' lang='lat' dir='ltr'><strong>DEI.</strong></span> <span class='ocrx_word' id='word_1_5' title='bbox 1969 251 2065 288; x_wconf 78' lang='lat'><strong>201</strong></span> 
     </span>
    </p>
   </div>
   <div class='ocr_carea' id='block_1_3' title="bbox 83 398 2074 815">
    <p class='ocr_par' dir='ltr' id='par_1_3' title="bbox 83 398 2074 815">
     <span class='ocr_line' id='line_1_3' title="bbox 203 398 2074 476; baseline 0.003 -22"><span class='ocrx_word' id='word_1_6' title='bbox 203 418 257 455; x_wconf 87' lang='lat'><strong>2.</strong></span> <span class='ocrx_word' id='word_1_7' title='bbox 319 399 738 458; x_wconf 85' lang='lat' dir='ltr'><strong>Pantheismus</strong></span> <span class='ocrx_word' id='word_1_8' title='bbox 780 399 1076 476; x_wconf 74' lang='lat' dir='ltr'><strong>perfectus</strong></span> <span class='ocrx_word' id='word_1_9' title='bbox 1128 419 1225 459; x_wconf 91' lang='lat' dir='ltr'><strong>res</strong></span> <span class='ocrx_word' id='word_1_10' title='bbox 1286 418 1497 459; x_wconf 89' lang='lat' dir='ltr'><strong>omnes</strong></span> <span class='ocrx_word' id='word_1_11' title='bbox 1550 399 1695 458; x_wconf 89' lang='lat' dir='ltr'><strong>nihil</strong></span> <span class='ocrx_word' id='word_1_12' title='bbox 1742 398 1901 458; x_wconf 91' lang='lat' dir='ltr'><strong>aliud</strong></span> <span class='ocrx_word' id='word_1_13' title='bbox 1944 417 2074 459; x_wconf 88' lang='lat' dir='ltr'><strong>esse</strong></span> 
     </span>
     <span class='ocr_line' id='line_1_4' title="bbox 87 486 2071 564; baseline 0.003 -21"><span class='ocrx_word' id='word_1_14' title='bbox 87 486 259 544; x_wconf 88' lang='lat' dir='ltr'><strong>docet</strong></span> <span class='ocrx_word' id='word_1_15' title='bbox 301 487 420 547; x_wconf 87' lang='lat' dir='ltr'><strong>nisi</strong></span> <span class='ocrx_word' id='word_1_16' title='bbox 462 488 660 564; x_wconf 90' lang='lat' dir='ltr'><strong>ipsum</strong></span> <span class='ocrx_word' id='word_1_17' title='bbox 689 491 905 560; x_wconf 89' lang='lat' dir='ltr'><strong>Deum,</strong></span> <span class='ocrx_word' id='word_1_18' title='bbox 949 490 1052 564; x_wconf 89' lang='lat' dir='ltr'><strong>qui</strong></span> <span class='ocrx_word' id='word_1_19' title='bbox 1081 507 1175 548; x_wconf 90' lang='lat' dir='ltr'><strong>res</strong></span> <span class='ocrx_word' id='word_1_20' title='bbox 1204 489 1538 549; x_wconf 86' lang='lat' dir='ltr'><strong>mundanas</strong></span> <span class='ocrx_word' id='word_1_21' title='bbox 1566 490 1663 548; x_wconf 90' lang='lat' dir='ltr'><strong>vel</strong></span> <span class='ocrx_word' id='word_1_22' title='bbox 1691 489 2071 549; x_wconf 86' lang='lat' dir='ltr'><strong>emanatione</strong></span> 
     </span>
     <span class='ocr_line' id='line_1_5' title="bbox 85 576 2073 654; baseline 0.003 -24"><span class='ocrx_word' id='word_1_23' title='bbox 85 577 172 634; x_wconf 75' lang='lat' dir='ltr'><strong>vel</strong></span> <span class='ocrx_word' id='word_1_24' title='bbox 216 576 307 635; x_wconf 89' lang='lat' dir='ltr'><strong>sui</strong></span> <span class='ocrx_word' id='word_1_25' title='bbox 352 577 537 652; x_wconf 90' lang='lat' dir='ltr'><strong>ipsius</strong></span> <span class='ocrx_word' id='word_1_26' title='bbox 581 577 919 637; x_wconf 89' lang='lat' dir='ltr'><strong>evolutione</strong></span> <span class='ocrx_word' id='word_1_27' title='bbox 948 578 1263 654; x_wconf 89' lang='lat' dir='ltr'><strong>producat.</strong></span> <span class='ocrx_word' id='word_1_28' title='bbox 1324 577 1423 638; x_wconf 91' lang='lat' dir='ltr'><strong>Sic</strong></span> <span class='ocrx_word' id='word_1_29' title='bbox 1459 579 1677 654; x_wconf 85' lang='lat' dir='ltr'><strong>duplex</strong></span> <span class='ocrx_word' id='word_1_30' title='bbox 1720 578 1890 638; x_wconf 88' lang='lat' dir='ltr'><strong>huius</strong></span> <span class='ocrx_word' id='word_1_31' title='bbox 1932 597 2073 654; x_wconf 89' lang='lat' dir='ltr'><strong>pan·</strong></span> 
     </span>
     <span class='ocr_line' id='line_1_6' title="bbox 83 665 2072 742; baseline 0.003 -21"><span class='ocrx_word' id='word_1_32' title='bbox 83 665 318 724; x_wconf 87' lang='lat' dir='ltr'><strong>theismi</strong></span> <span class='ocrx_word' id='word_1_33' title='bbox 363 666 644 742; x_wconf 77' lang='lat' dir='ltr'><strong>distingui</strong></span> <span class='ocrx_word' id='word_1_34' title='bbox 685 677 883 742; x_wconf 88' lang='lat' dir='ltr'><strong>potest</strong></span> <span class='ocrx_word' id='word_1_35' title='bbox 924 685 1145 742; x_wconf 77' lang='lat' dir='ltr'><strong>genus3</strong></span> <span class='ocrx_word' id='word_1_36' title='bbox 1201 667 1347 726; x_wconf 88' lang='lat' dir='ltr'><strong>alius</strong></span> <span class='ocrx_word' id='word_1_37' title='bbox 1403 668 1563 727; x_wconf 90' lang='lat' dir='ltr'><strong>enim</strong></span> <span class='ocrx_word' id='word_1_38' title='bbox 1620 678 1709 727; x_wconf 90' lang='lat' dir='ltr'><strong>est</strong></span> <span class='ocrx_word' id='word_1_39' title='bbox 1762 667 2072 738; x_wconf 81' lang='lat' dir='ltr'><strong>transienS,</strong></span> 
     </span>
     <span class='ocr_line' id='line_1_7' title="bbox 84 754 631 815; baseline 0.007 -4"><span class='ocrx_word' id='word_1_40' title='bbox 84 754 226 814; x_wconf 88' lang='lat' dir='ltr'><strong>alius</strong></span> <span class='ocrx_word' id='word_1_41' title='bbox 272 755 631 815; x_wconf 77' lang='lat' dir='ltr'><strong>immanens,</strong></span> 
     </span>
    </p>
   </div>
   <div class='ocr_carea' id='block_1_4' title="bbox 82 847 2073 1196">
    <p class='ocr_par' dir='ltr' id='par_1_4' title="bbox 82 847 2073 1196">
     <span class='ocr_line' id='line_1_8' title="bbox 200 847 2073 929; baseline 0.001 -19"><span class='ocrx_word' id='word_1_42' title='bbox 200 847 260 927; x_wconf 92' lang='lat' dir='ltr'><strong>a)</strong></span> <span class='ocrx_word' id='word_1_43' title='bbox 306 853 722 913; x_wconf 89' lang='lat' dir='ltr'><strong>Pantheismus</strong></span> <span class='ocrx_word' id='word_1_44' title='bbox 763 856 1052 912; x_wconf 85' lang='lat' dir='ltr'><strong>transiens</strong></span> <span class='ocrx_word' id='word_1_45' title='bbox 1078 864 1170 914; x_wconf 90' lang='lat' dir='ltr'><strong>est</strong></span> <span class='ocrx_word' id='word_1_46' title='bbox 1196 855 1492 913; x_wconf 88' lang='lat' dir='ltr'><strong>sententia</strong></span> <span class='ocrx_word' id='word_1_47' title='bbox 1519 873 1746 926; x_wconf 87' lang='lat' dir='ltr'><strong>eorum,</strong></span> <span class='ocrx_word' id='word_1_48' title='bbox 1791 854 1893 929; x_wconf 88' lang='lat' dir='ltr'><strong>qui</strong></span> <span class='ocrx_word' id='word_1_49' title='bbox 1936 873 2073 914; x_wconf 89' lang='lat' dir='ltr'><strong>cum</strong></span> 
     </span>
     <span class='ocr_line' id='line_1_9' title="bbox 82 941 2073 1016; baseline 0.002 -17"><span class='ocrx_word' id='word_1_50' title='bbox 82 941 374 1016; x_wconf 85' lang='lat' dir='ltr'>gnosticis</span> <span class='ocrx_word' id='word_1_51' title='bbox 416 943 642 1002; x_wconf 88' lang='lat' dir='ltr'><strong>docent</strong></span> <span class='ocrx_word' id='word_1_52' title='bbox 682 961 777 1002; x_wconf 90' lang='lat' dir='ltr'><strong>res</strong></span> <span class='ocrx_word' id='word_1_53' title='bbox 819 944 1153 1003; x_wconf 87' lang='lat' dir='ltr'><strong>mundanas</strong></span> <span class='ocrx_word' id='word_1_54' title='bbox 1169 989 1182 1014; x_wconf 93' lang='lat'><em>,</em></span> <span class='ocrx_word' id='word_1_55' title='bbox 1234 963 1271 1001; x_wconf 92' lang='lat' dir='ltr'><strong>a</strong></span> <span class='ocrx_word' id='word_1_56' title='bbox 1312 944 1635 1002; x_wconf 87' lang='lat' dir='ltr'><strong>substantia</strong></span> <span class='ocrx_word' id='word_1_57' title='bbox 1678 943 1879 1001; x_wconf 90' lang='lat' dir='ltr'><strong>divina</strong></span> <span class='ocrx_word' id='word_1_58' title='bbox 1930 953 2073 1002; x_wconf 89' lang='lat' dir='ltr'><strong>tam-</strong></span> 
     </span>
     <span class='ocr_line' id='line_1_10' title="bbox 85 1033 2073 1108; baseline 0.001 -20"><span class='ocrx_word' id='word_1_59' title='bbox 85 1049 262 1104; x_wconf 89' lang='lat' dir='ltr'><strong>quam</strong></span> <span class='ocrx_word' id='word_1_60' title='bbox 307 1033 629 1108; x_wconf 87' lang='lat' dir='ltr'><strong>particulas</strong></span> <span class='ocrx_word' id='word_1_61' title='bbox 676 1033 772 1092; x_wconf 85' lang='lat' dir='ltr'><strong>vel</strong></span> <span class='ocrx_word' id='word_1_62' title='bbox 819 1033 1020 1092; x_wconf 90' lang='lat' dir='ltr'><strong>radios</strong></span> <span class='ocrx_word' id='word_1_63' title='bbox 1065 1043 1430 1103; x_wconf 85' lang='lat' dir='ltr'><strong>emanantes,</strong></span> <span class='ocrx_word' id='word_1_64' title='bbox 1473 1034 1817 1090; x_wconf 81' lang='lat' dir='ltr'><strong>substantias</strong></span> <span class='ocrx_word' id='word_1_65' title='bbox 1857 1053 1895 1090; x_wconf 87' lang='lat' dir='ltr'><strong>a</strong></span> <span class='ocrx_word' id='word_1_66' title='bbox 1942 1033 2073 1090; x_wconf 84' lang='lat' dir='ltr'><strong>Deo</strong></span> 
     </span>
     <span class='ocr_line' id='line_1_11' title="bbox 82 1120 1418 1196; baseline 0.004 -21"><span class='ocrx_word' id='word_1_67' title='bbox 82 1128 384 1196; x_wconf 84' lang='lat' dir='ltr'><strong>separatas</strong></span> <span class='ocrx_word' id='word_1_68' title='bbox 423 1121 730 1180; x_wconf 90' lang='lat' dir='ltr'><strong>numerice</strong></span> <span class='ocrx_word' id='word_1_69' title='bbox 773 1121 1079 1180; x_wconf 89' lang='lat' dir='ltr'><strong>distinctas</strong></span> <span class='ocrx_word' id='word_1_70' title='bbox 1122 1120 1418 1180; x_wconf 90' lang='lat' dir='ltr'><strong>constitui.</strong></span> 
     </span>
    </p>
   </div>
   <div class='ocr_carea' id='block_1_5' title="bbox 85 1213 2071 2277">
    <p class='ocr_par' dir='ltr' id='par_1_5' title="bbox 85 1213 2071 1636">
     <span class='ocr_line' id='line_1_12' title="bbox 199 1213 2071 1293; baseline 0.001 -16"><span class='ocrx_word' id='word_1_71' title='bbox 199 1213 267 1293; x_wconf 94' lang='lat' dir='ltr'><strong>b)</strong></span> <span class='ocrx_word' id='word_1_72' title='bbox 325 1219 737 1278; x_wconf 88' lang='lat' dir='ltr'><strong>Pantheismus</strong></span> <span class='ocrx_word' id='word_1_73' title='bbox 780 1238 926 1278; x_wconf 90' lang='lat' dir='ltr'><strong>vero</strong></span> <span class='ocrx_word' id='word_1_74' title='bbox 982 1213 1295 1278; x_wconf 70' lang='lat' dir='ltr'><strong>immanens</strong></span> <span class='ocrx_word' id='word_1_75' title='bbox 1349 1230 1515 1279; x_wconf 89' lang='lat' dir='ltr'><strong>tenet</strong></span> <span class='ocrx_word' id='word_1_76' title='bbox 1567 1238 1663 1279; x_wconf 90' lang='lat' dir='ltr'><strong>res</strong></span> <span class='ocrx_word' id='word_1_77' title='bbox 1718 1219 2071 1290; x_wconf 86' lang='lat' dir='ltr'><strong>mundanaS,</strong></span> 
     </span>
     <span class='ocr_line' id='line_1_13' title="bbox 86 1309 2071 1380; baseline 0.002 -17"><span class='ocrx_word' id='word_1_78' title='bbox 86 1325 116 1363; x_wconf 89' lang='lat' dir='ltr'><strong>e</strong></span> <span class='ocrx_word' id='word_1_79' title='bbox 155 1310 489 1368; x_wconf 83' lang='lat' dir='ltr'><strong>substantia</strong></span> <span class='ocrx_word' id='word_1_80' title='bbox 529 1309 735 1368; x_wconf 88' lang='lat' dir='ltr'><strong>divina</strong></span> <span class='ocrx_word' id='word_1_81' title='bbox 775 1328 904 1368; x_wconf 90' lang='lat' dir='ltr'><strong>sese</strong></span> <span class='ocrx_word' id='word_1_82' title='bbox 949 1310 1299 1368; x_wconf 86' lang='lat' dir='ltr'><strong>evolventes</strong></span> <span class='ocrx_word' id='word_1_83' title='bbox 1314 1354 1327 1380; x_wconf 93' lang='lat'><em>,</em></span> <span class='ocrx_word' id='word_1_84' title='bbox 1382 1310 1553 1366; x_wconf 87' lang='lat' dir='ltr'><strong>eidem</strong></span> <span class='ocrx_word' id='word_1_85' title='bbox 1592 1310 1895 1368; x_wconf 79' lang='lat' dir='ltr'><strong>inhaerere</strong></span> <span class='ocrx_word' id='word_1_86' title='bbox 1934 1317 2071 1366; x_wconf 85' lang='lat' dir='ltr'><strong>tam·</strong></span> 
     </span>
     <span class='ocr_line' id='line_1_14' title="bbox 85 1399 2069 1474; baseline 0.002 -21"><span class='ocrx_word' id='word_1_87' title='bbox 85 1417 254 1470; x_wconf 82' lang='lat' dir='ltr'><strong>quam</strong></span> <span class='ocrx_word' id='word_1_88' title='bbox 296 1399 414 1455; x_wconf 81' lang='lat' dir='ltr'><strong>eius</strong></span> <span class='ocrx_word' id='word_1_89' title='bbox 454 1399 890 1474; x_wconf 83' lang='lat' dir='ltr'><strong>modificationes</strong></span> <span class='ocrx_word' id='word_1_90' title='bbox 931 1408 992 1456; x_wconf 91' lang='lat' dir='ltr'><strong>et</strong></span> <span class='ocrx_word' id='word_1_91' title='bbox 1032 1399 1474 1474; x_wconf 80' lang='lat' dir='ltr'><strong>phaenomena.</strong></span> <span class='ocrx_word' id='word_1_92' title='bbox 1548 1400 1785 1474; x_wconf 85' lang='lat' dir='ltr'><strong>Duplex</strong></span> <span class='ocrx_word' id='word_1_93' title='bbox 1828 1416 2069 1474; x_wconf 89' lang='lat' dir='ltr'><strong>quoque</strong></span> 
     </span>
     <span class='ocr_line' id='line_1_15' title="bbox 86 1486 2071 1563; baseline 0.002 -22"><span class='ocrx_word' id='word_1_94' title='bbox 86 1486 253 1545; x_wconf 82' lang='lat' dir='ltr'><strong>huius</strong></span> <span class='ocrx_word' id='word_1_95' title='bbox 305 1487 668 1562; x_wconf 88' lang='lat' dir='ltr'><strong>pantheismi</strong></span> <span class='ocrx_word' id='word_1_96' title='bbox 722 1487 1055 1563; x_wconf 85' lang='lat' dir='ltr'><strong>generatim</strong></span> <span class='ocrx_word' id='word_1_97' title='bbox 1111 1486 1394 1562; x_wconf 87' lang='lat' dir='ltr'><strong>distingui</strong></span> <span class='ocrx_word' id='word_1_98' title='bbox 1448 1497 1645 1562; x_wconf 90' lang='lat' dir='ltr'><strong>potest</strong></span> <span class='ocrx_word' id='word_1_99' title='bbox 1701 1488 1927 1561; x_wconf 78' lang='lat' dir='ltr'><strong>forma3</strong></span> <span class='ocrx_word' id='word_1_100' title='bbox 1982 1497 2071 1545; x_wconf 89' lang='lat' dir='ltr'><strong>est</strong></span> 
     </span>
     <span class='ocr_line' id='line_1_16' title="bbox 89 1575 1008 1636; baseline 0.004 -4"><span class='ocrx_word' id='word_1_101' title='bbox 89 1576 246 1633; x_wconf 89' lang='lat' dir='ltr'><strong>enim</strong></span> <span class='ocrx_word' id='word_1_102' title='bbox 286 1577 385 1635; x_wconf 86' lang='lat' dir='ltr'><strong>vel</strong></span> <span class='ocrx_word' id='word_1_103' title='bbox 426 1575 602 1635; x_wconf 87' lang='lat' dir='ltr'><strong>realis</strong></span> <span class='ocrx_word' id='word_1_104' title='bbox 643 1578 738 1636; x_wconf 92' lang='lat' dir='ltr'><strong>vel</strong></span> <span class='ocrx_word' id='word_1_105' title='bbox 781 1576 1008 1636; x_wconf 88' lang='lat' dir='ltr'><strong>idealis.</strong></span> 
     </span>
    </p>

    <p class='ocr_par' dir='ltr' id='par_1_6' title="bbox 91 1661 2069 1918">
     <span class='ocr_line' id='line_1_17' title="bbox 205 1661 2069 1741; baseline 0.003 -22"><span class='ocrx_word' id='word_1_106' title='bbox 205 1661 262 1740; x_wconf 89' lang='grc' dir='ltr'><strong>α)</strong></span> <span class='ocrx_word' id='word_1_107' title='bbox 319 1666 732 1724; x_wconf 86' lang='lat' dir='ltr'><strong>Pantheismus</strong></span> <span class='ocrx_word' id='word_1_108' title='bbox 791 1667 968 1724; x_wconf 84' lang='lat' dir='ltr'><strong>realis</strong></span> <span class='ocrx_word' id='word_1_109' title='bbox 1007 1676 1096 1725; x_wconf 90' lang='lat' dir='ltr'><strong>est</strong></span> <span class='ocrx_word' id='word_1_110' title='bbox 1138 1665 1414 1724; x_wconf 89' lang='lat' dir='ltr'><strong>doctrina</strong></span> <span class='ocrx_word' id='word_1_111' title='bbox 1469 1683 1677 1724; x_wconf 91' lang='lat' dir='ltr'><strong>eorum</strong></span> <span class='ocrx_word' id='word_1_112' title='bbox 1693 1711 1707 1736; x_wconf 95' lang='lat'><em>,</em></span> <span class='ocrx_word' id='word_1_113' title='bbox 1772 1666 1873 1741; x_wconf 91' lang='lat' dir='ltr'><strong>qui</strong></span> <span class='ocrx_word' id='word_1_114' title='bbox 1934 1685 2069 1724; x_wconf 88' lang='lat' dir='ltr'><strong>cum</strong></span> 
     </span>
     <span class='ocr_line' id='line_1_18' title="bbox 91 1754 2069 1831; baseline 0 -21"><span class='ocrx_word' id='word_1_115' title='bbox 91 1754 348 1828; x_wconf 88' lang='lat' dir='ltr'><strong>Spinoza</strong></span> <span class='ocrx_word' id='word_1_116' title='bbox 370 1757 386 1788; x_wconf 85' lang='lat'>¹</span> <span class='ocrx_word' id='word_1_117' title='bbox 429 1755 654 1812; x_wconf 88' lang='lat' dir='ltr'><strong>docent</strong></span> <span class='ocrx_word' id='word_1_118' title='bbox 696 1773 954 1831; x_wconf 86' lang='lat' dir='ltr'><strong>corpora</strong></span> <span class='ocrx_word' id='word_1_119' title='bbox 997 1755 1301 1813; x_wconf 87' lang='lat' dir='ltr'><strong>mundana</strong></span> <span class='ocrx_word' id='word_1_120' title='bbox 1338 1755 1414 1812; x_wconf 89' lang='lat' dir='ltr'><strong>ab</strong></span> <span class='ocrx_word' id='word_1_121' title='bbox 1444 1756 1717 1813; x_wconf 89' lang='lat' dir='ltr'><strong>absoluto</strong></span> <span class='ocrx_word' id='word_1_122' title='bbox 1759 1756 1885 1814; x_wconf 89' lang='lat' dir='ltr'><strong>fieri</strong></span> <span class='ocrx_word' id='word_1_123' title='bbox 1927 1754 2069 1814; x_wconf 88' lang='lat' dir='ltr'><strong>reali</strong></span> 
     </span>
     <span class='ocr_line' id='line_1_19' title="bbox 92 1837 876 1918; baseline 0.005 -20"><span class='ocrx_word' id='word_1_124' title='bbox 92 1837 233 1914; x_wconf 88' lang='lat' dir='ltr'><strong>(non</strong></span> <span class='ocrx_word' id='word_1_125' title='bbox 275 1837 497 1918; x_wconf 88' lang='lat' dir='ltr'><strong>logica)</strong></span> <span class='ocrx_word' id='word_1_126' title='bbox 541 1844 876 1903; x_wconf 86' lang='lat' dir='ltr'><strong>efficientia.</strong></span> 
     </span>
    </p>

    <p class='ocr_par' dir='ltr' id='par_1_7' title="bbox 88 1928 2071 2277">
     <span class='ocr_line' id='line_1_20' title="bbox 209 1928 2071 2008; baseline 0 -17"><span class='ocrx_word' id='word_1_127' title='bbox 209 1928 260 2008; x_wconf 84' lang='grc' dir='ltr'><strong>β)</strong></span> <span class='ocrx_word' id='word_1_128' title='bbox 318 1934 732 1993; x_wconf 82' lang='lat' dir='ltr'><strong>Pantheismus</strong></span> <span class='ocrx_word' id='word_1_129' title='bbox 787 1952 935 1994; x_wconf 89' lang='lat' dir='ltr'><strong>vero</strong></span> <span class='ocrx_word' id='word_1_130' title='bbox 996 1936 1195 1993; x_wconf 68' lang='lat' dir='ltr'><strong>idealzs</strong></span> <span class='ocrx_word' id='word_1_131' title='bbox 1255 1934 1451 1993; x_wconf 85' lang='lat' dir='ltr'><strong>statuit</strong></span> <span class='ocrx_word' id='word_1_132' title='bbox 1511 1952 1605 1993; x_wconf 89' lang='lat' dir='ltr'><strong>res</strong></span> <span class='ocrx_word' id='word_1_133' title='bbox 1664 1935 1741 1992; x_wconf 89' lang='lat' dir='ltr'><strong>ab</strong></span> <span class='ocrx_word' id='word_1_134' title='bbox 1798 1934 2071 1992; x_wconf 90' lang='lat' dir='ltr'><strong>absoluto</strong></span> 
     </span>
     <span class='ocr_line' id='line_1_21' title="bbox 89 2022 2071 2099; baseline 0 -21"><span class='ocrx_word' id='word_1_135' title='bbox 89 2022 208 2079; x_wconf 90' lang='lat' dir='ltr'><strong>fieri</strong></span> <span class='ocrx_word' id='word_1_136' title='bbox 276 2023 548 2082; x_wconf 89' lang='lat' dir='ltr'><strong>idearum</strong></span> <span class='ocrx_word' id='word_1_137' title='bbox 621 2042 794 2082; x_wconf 89' lang='lat' dir='ltr'><strong>cursu</strong></span> <span class='ocrx_word' id='word_1_138' title='bbox 870 2023 1191 2083; x_wconf 90' lang='lat' dir='ltr'><strong>dialectico</strong></span> <span class='ocrx_word' id='word_1_139' title='bbox 1261 2042 1483 2099; x_wconf 81' lang='lat' dir='ltr'><strong>easque</strong></span> <span class='ocrx_word' id='word_1_140' title='bbox 1560 2022 1702 2081; x_wconf 91' lang='lat' dir='ltr'><strong>nihil</strong></span> <span class='ocrx_word' id='word_1_141' title='bbox 1768 2042 1896 2081; x_wconf 88' lang='lat' dir='ltr'><strong>esse</strong></span> <span class='ocrx_word' id='word_1_142' title='bbox 1955 2022 2071 2079; x_wconf 90' lang='lat' dir='ltr'><strong>nisi</strong></span> 
     </span>
     <span class='ocr_line' id='line_1_22' title="bbox 88 2111 2071 2187; baseline 0.001 -20"><span class='ocrx_word' id='word_1_143' title='bbox 88 2111 482 2187; x_wconf 85' lang='lat' dir='ltr'><strong>cogitationes</strong></span> <span class='ocrx_word' id='word_1_144' title='bbox 542 2122 602 2169; x_wconf 90' lang='lat' dir='ltr'><strong>et</strong></span> <span class='ocrx_word' id='word_1_145' title='bbox 657 2112 825 2171; x_wconf 85' lang='lat' dir='ltr'><strong>ideas</strong></span> <span class='ocrx_word' id='word_1_146' title='bbox 887 2114 1038 2172; x_wconf 89' lang='lat' dir='ltr'><strong>entis</strong></span> <span class='ocrx_word' id='word_1_147' title='bbox 1099 2113 1387 2187; x_wconf 78' lang='lat' dir='ltr'><strong>absoluti3</strong></span> <span class='ocrx_word' id='word_1_148' title='bbox 1447 2113 1529 2171; x_wconf 85' lang='lat' dir='ltr'><strong>ita</strong></span> <span class='ocrx_word' id='word_1_149' title='bbox 1586 2111 1888 2171; x_wconf 85' lang='lat' dir='ltr'><strong>idealistae</strong></span> <span class='ocrx_word' id='word_1_150' title='bbox 1944 2130 2071 2186; x_wconf 88' lang='lat' dir='ltr'><strong>ger-</strong></span> 
     </span>
     <span class='ocr_line' id='line_1_23' title="bbox 88 2200 1104 2277; baseline 0.003 -20"><span class='ocrx_word' id='word_1_151' title='bbox 88 2200 304 2259; x_wconf 85' lang='lat' dir='ltr'><strong>manici</strong></span> <span class='ocrx_word' id='word_1_152' title='bbox 346 2212 406 2260; x_wconf 91' lang='lat' dir='ltr'><strong>et</strong></span> <span class='ocrx_word' id='word_1_153' title='bbox 448 2202 800 2277; x_wconf 89' lang='lat' dir='ltr'><strong>praesertim</strong></span> <span class='ocrx_word' id='word_1_154' title='bbox 844 2203 1104 2277; x_wconf 75' lang='lat' dir='ltr'><strong>Hege12.</strong></span> 
     </span>
    </p>
   </div>
   <div class='ocr_carea' id='block_1_6' title="bbox 87 2392 2069 3505">
    <p class='ocr_par' dir='ltr' id='par_1_8' title="bbox 205 2392 1913 2462">
     <span class='ocr_line' id='line_1_24' title="bbox 205 2392 1913 2462; baseline -0.001 -18"><span class='ocrx_word' id='word_1_155' title='bbox 205 2392 224 2425; x_wconf 83' lang='lat'>¹</span> <span class='ocrx_word' id='word_1_156' title='bbox 263 2396 344 2444; x_wconf 91' lang='lat' dir='ltr'><strong>Cf.</strong></span> <span class='ocrx_word' id='word_1_157' title='bbox 384 2396 486 2444; x_wconf 90' lang='lat' dir='ltr'><strong>vol.</strong></span> <span class='ocrx_word' id='word_1_158' title='bbox 527 2396 566 2455; x_wconf 91' lang='lat'><strong>1,</strong></span> <span class='ocrx_word' id='word_1_159' title='bbox 608 2396 726 2455; x_wconf 89' lang='lat'><strong>264.</strong></span> <span class='ocrx_word' id='word_1_160' title='bbox 1907 2456 1913 2462; x_wconf 92' lang='lat'><em>.</em></span> 
     </span>
    </p>

    <p class='ocr_par' dir='ltr' id='par_1_9' title="bbox 87 2472 2069 3102">
     <span class='ocr_line' id='line_1_25' title="bbox 201 2472 2066 2540; baseline -0.001 -17"><span class='ocrx_word' id='word_1_161' title='bbox 201 2472 225 2505; x_wconf 71' lang='lat'>²</span> <span class='ocrx_word' id='word_1_162' title='bbox 261 2477 340 2525; x_wconf 83' lang='lat' dir='ltr'><strong>Ita</strong></span> <span class='ocrx_word' id='word_1_163' title='bbox 393 2475 623 2525; x_wconf 85' lang='lat' dir='ltr'><strong>diversas</strong></span> <span class='ocrx_word' id='word_1_164' title='bbox 677 2475 789 2525; x_wconf 90' lang='lat' dir='ltr'><strong>illas</strong></span> <span class='ocrx_word' id='word_1_165' title='bbox 842 2476 1065 2525; x_wconf 85' lang='lat' dir='ltr'><strong>theorias</strong></span> <span class='ocrx_word' id='word_1_166' title='bbox 1116 2476 1334 2540; x_wconf 86' lang='lat' dir='ltr'><strong>explicat</strong></span> <span class='ocrx_word' id='word_1_167' title='bbox 1371 2476 1640 2525; x_wconf 80' lang='lat' dir='ltr'><strong>Hontlzeim</strong></span> <span class='ocrx_word' id='word_1_168' title='bbox 1685 2476 1717 2524; x_wconf 93' lang='grc'><strong>1.</strong></span> <span class='ocrx_word' id='word_1_169' title='bbox 1759 2492 1800 2524; x_wconf 92' lang='lat' dir='ltr'><strong>c.</strong></span> <span class='ocrx_word' id='word_1_170' title='bbox 1856 2492 1906 2539; x_wconf 90' lang='lat' dir='ltr'><strong>p.</strong></span> <span class='ocrx_word' id='word_1_171' title='bbox 1947 2474 2066 2534; x_wconf 89' lang='lat'>481.</span> 
     </span>
     <span class='ocr_line' id='line_1_26' title="bbox 89 2555 2069 2621; baseline -0.001 -18"><span class='ocrx_word' id='word_1_172' title='bbox 89 2557 316 2621; x_wconf 88' lang='lat' dir='ltr'><strong>Longum</strong></span> <span class='ocrx_word' id='word_1_173' title='bbox 371 2572 492 2604; x_wconf 88' lang='lat' dir='ltr'><strong>vero</strong></span> <span class='ocrx_word' id='word_1_174' title='bbox 543 2564 619 2603; x_wconf 89' lang='lat' dir='ltr'><strong>est</strong></span> <span class='ocrx_word' id='word_1_175' title='bbox 671 2556 958 2605; x_wconf 82' lang='lat' dir='ltr'><strong>innumeras</strong></span> <span class='ocrx_word' id='word_1_176' title='bbox 1011 2556 1191 2605; x_wconf 87' lang='lat' dir='ltr'><strong>horum</strong></span> <span class='ocrx_word' id='word_1_177' title='bbox 1229 2556 1534 2620; x_wconf 88' lang='lat' dir='ltr'><strong>pantheismi</strong></span> <span class='ocrx_word' id='word_1_178' title='bbox 1584 2572 1825 2620; x_wconf 89' lang='lat' dir='ltr'><strong>generum</strong></span> <span class='ocrx_word' id='word_1_179' title='bbox 1877 2555 2069 2618; x_wconf 85' lang='lat' dir='ltr'><strong>species</strong></span> 
     </span>
     <span class='ocr_line' id='line_1_27' title="bbox 87 2636 2067 2700; baseline -0.001 -17"><span class='ocrx_word' id='word_1_180' title='bbox 87 2636 162 2685; x_wconf 88' lang='lat' dir='ltr'><strong>hic</strong></span> <span class='ocrx_word' id='word_1_181' title='bbox 199 2638 420 2695; x_wconf 85' lang='lat' dir='ltr'><strong>referre,</strong></span> <span class='ocrx_word' id='word_1_182' title='bbox 475 2652 504 2683; x_wconf 89' lang='lat' dir='ltr'><strong>a</strong></span> <span class='ocrx_word' id='word_1_183' title='bbox 548 2636 969 2700; x_wconf 78' lang='lat' dir='ltr'><strong>«pannihilismo»</strong></span> <span class='ocrx_word' id='word_1_184' title='bbox 1013 2636 1150 2686; x_wconf 89' lang='lat' dir='ltr'><strong>enim</strong></span> <span class='ocrx_word' id='word_1_185' title='bbox 1188 2636 1576 2685; x_wconf 88' lang='lat' dir='ltr'><strong>buddhistarum</strong></span> <span class='ocrx_word' id='word_1_186' title='bbox 1615 2651 1773 2699; x_wconf 90' lang='lat' dir='ltr'><strong>usque</strong></span> <span class='ocrx_word' id='word_1_187' title='bbox 1830 2637 1894 2683; x_wconf 86' lang='lat' dir='ltr'><strong>ad</strong></span> <span class='ocrx_word' id='word_1_188' title='bbox 1947 2650 2067 2698; x_wconf 87' lang='lat' dir='ltr'><strong>pan-</strong></span> 
     </span>
     <span class='ocr_line' id='line_1_28' title="bbox 89 2716 2067 2780; baseline 0 -18"><span class='ocrx_word' id='word_1_189' title='bbox 89 2716 349 2765; x_wconf 81' lang='lat' dir='ltr'><strong>theismum</strong></span> <span class='ocrx_word' id='word_1_190' title='bbox 385 2716 690 2765; x_wconf 85' lang='lat' dir='ltr'><strong>hodiernum</strong></span> <span class='ocrx_word' id='word_1_191' title='bbox 730 2717 1092 2766; x_wconf 86' lang='lat' dir='ltr'><strong>diversissimas</strong></span> <span class='ocrx_word' id='word_1_192' title='bbox 1129 2716 1295 2765; x_wconf 88' lang='lat' dir='ltr'><strong>induit</strong></span> <span class='ocrx_word' id='word_1_193' title='bbox 1346 2718 1545 2765; x_wconf 82' lang='lat' dir='ltr'><strong>formaS.</strong></span> <span class='ocrx_word' id='word_1_194' title='bbox 1622 2716 1897 2780; x_wconf 84' lang='lat' dir='ltr'><strong>Praecipua</strong></span> <span class='ocrx_word' id='word_1_195' title='bbox 1947 2730 2067 2763; x_wconf 86' lang='lat' dir='ltr'><strong>vero</strong></span> 
     </span>
     <span class='ocr_line' id='line_1_29' title="bbox 89 2796 2066 2861; baseline -0.001 -18"><span class='ocrx_word' id='word_1_196' title='bbox 89 2797 287 2845; x_wconf 88' lang='lat' dir='ltr'><strong>nomina</strong></span> <span class='ocrx_word' id='word_1_197' title='bbox 341 2812 548 2857; x_wconf 89' lang='lat' dir='ltr'><strong>eorum,</strong></span> <span class='ocrx_word' id='word_1_198' title='bbox 603 2798 686 2861; x_wconf 86' lang='lat' dir='ltr'><strong>qui</strong></span> <span class='ocrx_word' id='word_1_199' title='bbox 740 2814 770 2844; x_wconf 89' lang='lat' dir='ltr'><strong>a</strong></span> <span class='ocrx_word' id='word_1_200' title='bbox 822 2797 1044 2861; x_wconf 89' lang='lat' dir='ltr'><strong>Spinoza</strong></span> <span class='ocrx_word' id='word_1_201' title='bbox 1093 2797 1211 2845; x_wconf 92' lang='lat' dir='ltr'><strong>inde</strong></span> <span class='ocrx_word' id='word_1_202' title='bbox 1262 2797 1380 2846; x_wconf 85' lang='lat' dir='ltr'><strong>huic</strong></span> <span class='ocrx_word' id='word_1_203' title='bbox 1418 2796 1573 2845; x_wconf 85' lang='lat' dir='ltr'><strong>errori</strong></span> <span class='ocrx_word' id='word_1_204' title='bbox 1612 2797 1867 2856; x_wconf 85' lang='lat' dir='ltr'><strong>faverunt,</strong></span> <span class='ocrx_word' id='word_1_205' title='bbox 1922 2803 2066 2843; x_wconf 88' lang='lat' dir='ltr'><strong>sunt:</strong></span> 
     </span>
     <span class='ocr_line' id='line_1_30' title="bbox 89 2873 2068 2942; baseline -0.001 -19"><span class='ocrx_word' id='word_1_206' title='bbox 89 2877 282 2939; x_wconf 86' lang='lat' dir='ltr'><strong>Fichte,</strong></span> <span class='ocrx_word' id='word_1_207' title='bbox 327 2876 616 2942; x_wconf 88' lang='lat' dir='ltr'><strong>Schelling,</strong></span> <span class='ocrx_word' id='word_1_208' title='bbox 657 2878 856 2942; x_wconf 88' lang='lat' dir='ltr'><strong>Hegel,</strong></span> <span class='ocrx_word' id='word_1_209' title='bbox 900 2876 1298 2941; x_wconf 87' lang='lat' dir='ltr'><strong>Schopenhauer</strong></span> <span class='ocrx_word' id='word_1_210' title='bbox 1338 2873 1882 2941; x_wconf 76' lang='lat' dir='ltr'><strong>(«pansatanismus»)‚</strong></span> <span class='ocrx_word' id='word_1_211' title='bbox 1924 2876 2068 2924; x_wconf 88' lang='lat' dir='ltr'><strong>Hart-</strong></span> 
     </span>
     <span class='ocr_line' id='line_1_31' title="bbox 90 2956 2068 3021; baseline -0.002 -16"><span class='ocrx_word' id='word_1_212' title='bbox 90 2974 261 3019; x_wconf 87' lang='lat' dir='ltr'><strong>mann,</strong></span> <span class='ocrx_word' id='word_1_213' title='bbox 316 2957 535 3007; x_wconf 86' lang='lat' dir='ltr'><strong>Krause.</strong></span> <span class='ocrx_word' id='word_1_214' title='bbox 609 2958 787 3007; x_wconf 89' lang='lat' dir='ltr'><strong>Fichte</strong></span> <span class='ocrx_word' id='word_1_215' title='bbox 845 2966 1012 3006; x_wconf 85' lang='lat' dir='ltr'><strong>tamen</strong></span> <span class='ocrx_word' id='word_1_216' title='bbox 1070 2966 1120 3006; x_wconf 90' lang='lat' dir='ltr'><strong>et</strong></span> <span class='ocrx_word' id='word_1_217' title='bbox 1171 2957 1434 3021; x_wconf 89' lang='lat' dir='ltr'><strong>Schelling</strong></span> <span class='ocrx_word' id='word_1_218' title='bbox 1485 2964 1536 3005; x_wconf 92' lang='lat' dir='ltr'><strong>et</strong></span> <span class='ocrx_word' id='word_1_219' title='bbox 1587 2957 1753 3021; x_wconf 88' lang='lat' dir='ltr'><strong>Hegel</strong></span> <span class='ocrx_word' id='word_1_220' title='bbox 1811 2956 2068 3005; x_wconf 84' lang='lat' dir='ltr'><strong>doctrinae</strong></span> 
     </span>
     <span class='ocr_line' id='line_1_32' title="bbox 89 3037 1459 3102; baseline 0 -17"><span class='ocrx_word' id='word_1_221' title='bbox 89 3054 276 3087; x_wconf 86' lang='lat' dir='ltr'><strong>summa</strong></span> <span class='ocrx_word' id='word_1_222' title='bbox 315 3038 483 3102; x_wconf 89' lang='lat' dir='ltr'><strong>capita</strong></span> <span class='ocrx_word' id='word_1_223' title='bbox 523 3038 604 3086; x_wconf 90' lang='lat' dir='ltr'><strong>hic</strong></span> <span class='ocrx_word' id='word_1_224' title='bbox 642 3038 867 3087; x_wconf 89' lang='lat' dir='ltr'><strong>breviter</strong></span> <span class='ocrx_word' id='word_1_225' title='bbox 904 3037 1204 3086; x_wconf 86' lang='lat' dir='ltr'><strong>indicavisse</strong></span> <span class='ocrx_word' id='word_1_226' title='bbox 1243 3037 1459 3086; x_wconf 87' lang='lat' dir='ltr'><strong>iuvabit:</strong></span> 
     </span>
    </p>

    <p class='ocr_par' dir='ltr' id='par_1_10' title="bbox 89 3114 2068 3505">
     <span class='ocr_line' id='line_1_33' title="bbox 205 3114 2066 3182; baseline -0.001 -17"><span class='ocrx_word' id='word_1_227' title='bbox 205 3131 250 3166; x_wconf 92' lang='lat'><strong>1.</strong></span> <span class='ocrx_word' id='word_1_228' title='bbox 297 3119 499 3167; x_wconf 74' lang='lat' dir='ltr'><strong>«Fichte</strong></span> <span class='ocrx_word' id='word_1_229' title='bbox 521 3114 928 3182; x_wconf 89' lang='lat'>(1762—1814)</span> <span class='ocrx_word' id='word_1_230' title='bbox 958 3117 1263 3182; x_wconf 89' lang='lat' dir='ltr'><strong>principium</strong></span> <span class='ocrx_word' id='word_1_231' title='bbox 1283 3118 1507 3166; x_wconf 89' lang='lat' dir='ltr'><strong>omnium</strong></span> <span class='ocrx_word' id='word_1_232' title='bbox 1528 3133 1692 3165; x_wconf 90' lang='lat' dir='ltr'><strong>rerum</strong></span> <span class='ocrx_word' id='word_1_233' title='bbox 1714 3116 1934 3180; x_wconf 87' lang='lat' dir='ltr'><strong>appellat</strong></span> <span class='ocrx_word' id='word_1_234' title='bbox 1955 3117 2066 3181; x_wconf 88' lang='lat' dir='ltr'><strong>Ego</strong></span> 
     </span>
     <span class='ocr_line' id='line_1_34' title="bbox 89 3194 2063 3263; baseline -0.001 -17"><span class='ocrx_word' id='word_1_235' title='bbox 89 3200 186 3247; x_wconf 83' lang='lat' dir='ltr'><strong>sive</strong></span> <span class='ocrx_word' id='word_1_236' title='bbox 225 3198 546 3263; x_wconf 86' lang='lat' dir='ltr'><strong>ipseitatem;</strong></span> <span class='ocrx_word' id='word_1_237' title='bbox 599 3198 734 3248; x_wconf 85' lang='lat' dir='ltr'><strong>hanc</strong></span> <span class='ocrx_word' id='word_1_238' title='bbox 771 3206 938 3247; x_wconf 87' lang='lat' dir='ltr'><strong>autem</strong></span> <span class='ocrx_word' id='word_1_239' title='bbox 977 3197 1259 3262; x_wconf 87' lang='lat' dir='ltr'><strong>ipseitatem</strong></span> <span class='ocrx_word' id='word_1_240' title='bbox 1300 3194 1605 3261; x_wconf 89' lang='lat' dir='ltr'><strong>(posteriore</strong></span> <span class='ocrx_word' id='word_1_241' title='bbox 1642 3197 1775 3244; x_wconf 90' lang='lat' dir='ltr'><strong>vitae</strong></span> <span class='ocrx_word' id='word_1_242' title='bbox 1813 3194 2063 3261; x_wconf 89' lang='lat' dir='ltr'><strong>tempore)</strong></span> 
     </span>
     <span class='ocr_line' id='line_1_35' title="bbox 89 3275 2068 3341; baseline 0 -15"><span class='ocrx_word' id='word_1_243' title='bbox 89 3279 253 3327; x_wconf 87' lang='lat' dir='ltr'><strong>docuit</strong></span> <span class='ocrx_word' id='word_1_244' title='bbox 291 3293 398 3327; x_wconf 92' lang='lat' dir='ltr'><strong>non</strong></span> <span class='ocrx_word' id='word_1_245' title='bbox 437 3293 551 3327; x_wconf 87' lang='lat' dir='ltr'><strong>esse</strong></span> <span class='ocrx_word' id='word_1_246' title='bbox 589 3278 922 3329; x_wconf 87' lang='lat' dir='ltr'><strong>substantiam</strong></span> <span class='ocrx_word' id='word_1_247' title='bbox 959 3294 1078 3326; x_wconf 92' lang='lat' dir='ltr'><strong>vere</strong></span> <span class='ocrx_word' id='word_1_248' title='bbox 1128 3278 1369 3337; x_wconf 86' lang='lat' dir='ltr'><strong>solidam,</strong></span> <span class='ocrx_word' id='word_1_249' title='bbox 1424 3278 1515 3326; x_wconf 87' lang='lat' dir='ltr'><strong>sed</strong></span> <span class='ocrx_word' id='word_1_250' title='bbox 1561 3292 1746 3325; x_wconf 85' lang='lat' dir='ltr'><strong>meram</strong></span> <span class='ocrx_word' id='word_1_251' title='bbox 1798 3275 2068 3341; x_wconf 86' lang='lat' dir='ltr'><strong>imaginem</strong></span> 
     </span>
     <span class='ocr_line' id='line_1_36' title="bbox 91 3356 2067 3425; baseline -0.001 -18"><span class='ocrx_word' id='word_1_252' title='bbox 91 3360 194 3409; x_wconf 92' lang='lat' dir='ltr'><strong>Dei.</strong></span> <span class='ocrx_word' id='word_1_253' title='bbox 271 3360 391 3425; x_wconf 85' lang='lat' dir='ltr'><strong>Age</strong></span> <span class='ocrx_word' id='word_1_254' title='bbox 429 3358 541 3419; x_wconf 86' lang='lat' dir='ltr'><strong>iam,</strong></span> <span class='ocrx_word' id='word_1_255' title='bbox 581 3360 840 3423; x_wconf 88' lang='lat' dir='ltr'><strong>quomodo</strong></span> <span class='ocrx_word' id='word_1_256' title='bbox 877 3374 940 3407; x_wconf 85' lang='lat' dir='ltr'><strong>ex</strong></span> <span class='ocrx_word' id='word_1_257' title='bbox 977 3358 1211 3422; x_wconf 84' lang='lat' dir='ltr'><strong>ipseitate</strong></span> <span class='ocrx_word' id='word_1_258' title='bbox 1247 3357 1419 3405; x_wconf 87' lang='lat' dir='ltr'><strong>omnia</strong></span> <span class='ocrx_word' id='word_1_259' title='bbox 1456 3357 1785 3405; x_wconf 85' lang='lat' dir='ltr'><strong>evolvuntur?</strong></span> <span class='ocrx_word' id='word_1_260' title='bbox 1861 3356 1975 3423; x_wconf 89' lang='lat' dir='ltr'><strong>Ego</strong></span> <span class='ocrx_word' id='word_1_261' title='bbox 2013 3372 2067 3405; x_wconf 87' lang='lat' dir='ltr'><strong>se</strong></span> 
     </span>
     <span class='ocr_line' id='line_1_37' title="bbox 91 3434 2064 3505; baseline -0.003 -17"><span class='ocrx_word' id='word_1_262' title='bbox 91 3440 448 3505; x_wconf 87' lang='lat' dir='ltr'><strong>cognoscendo</strong></span> <span class='ocrx_word' id='word_1_263' title='bbox 486 3456 540 3488; x_wconf 89' lang='lat' dir='ltr'><strong>se</strong></span> <span class='ocrx_word' id='word_1_264' title='bbox 579 3441 728 3504; x_wconf 90' lang='lat' dir='ltr'><strong>ponit</strong></span> <span class='ocrx_word' id='word_1_265' title='bbox 768 3434 994 3504; x_wconf 88' lang='lat' dir='ltr'><strong>(thesis).</strong></span> <span class='ocrx_word' id='word_1_266' title='bbox 1071 3438 1184 3503; x_wconf 88' lang='lat' dir='ltr'><strong>Ego</strong></span> <span class='ocrx_word' id='word_1_267' title='bbox 1224 3436 1321 3485; x_wconf 90' lang='lat' dir='ltr'><strong>sibi</strong></span> <span class='ocrx_word' id='word_1_268' title='bbox 1360 3436 1577 3500; x_wconf 89' lang='lat' dir='ltr'><strong>opponit</strong></span> <span class='ocrx_word' id='word_1_269' title='bbox 1614 3435 1851 3497; x_wconf 81' lang='lat' dir='ltr'><strong>Non-ego</strong></span> <span class='ocrx_word' id='word_1_270' title='bbox 1898 3446 1947 3484; x_wconf 88' lang='lat' dir='ltr'><strong>et</strong></span> <span class='ocrx_word' id='word_1_271' title='bbox 2000 3437 2064 3482; x_wconf 88' lang='lat' dir='ltr'><strong>ab</strong></span> 
     </span>
    </p>
   </div>
  </div>
 </body>
</html>
