2367 3850
720 225 808 261 DE-
835 225 1229 262 PROUDENTIA
1268 226 1491 263 DIVINA.
1984 225 2084 278 253

154 371 375 441 mittitur,
403 373 568 430 Deus
598 371 683 430 sic
711 373 909 432 vestit:
944 384 1168 447 quanto
1200 373 1389 449 magis
1416 393 1541 445 vos,
1572 373 1847 432 modicae
1875 373 2014 432 fidei
2033 373 2083 432 1»

155 456 350 532 (Matth.
389 464 440 532 6,
490 464 562 520 28
593 457 751 536 sqq.)
810 463 887 520 Et
927 463 1069 520 alibi
1111 458 1229 538 (10,
1279 458 1405 538 29):
1471 466 1675 524 «Unus
1718 482 1922 540 passer
1961 481 2087 522 non

153 550 286 606 cadit
321 568 492 625 super
531 561 751 611 terram
793 551 920 609 sine
963 553 1137 610 Patre
1178 563 1429 611 vestm.»

249 639 572 696 Concilium
613 657 758 697 vero
787 638 1145 698 Vaticanum
1190 641 1446 700 eandem
1487 642 1821 700 doctrinam
1864 641 1949 702 sic
1990 641 2091 699 de·

148 729 329 786 clarat:
363 729 700 796 «Universa,
729 747 874 804 quae
901 730 1147 788 condidit
1169 731 1355 800 Deus,
1375 731 1741 806 providentia
1768 751 1873 788 sua
1900 737 2091 788 tuetur

145 825 286 891 atque
314 819 614 890 gubernat,
649 820 943 892 attingens
983 839 1022 876 a
1045 821 1175 894 fine
1216 839 1388 895 usque
1437 821 1523 878 ad
1537 821 1719 896 finem
1748 819 2001 894 fortiter
2039 828 2095 877 et

144 907 406 982 disponens
446 908 638 964 onmia
677 910 985 966 suaviter.»

244 997 408 1070 Quae
449 1015 586 1054 cum
629 995 710 1054 ita
751 997 882 1069 sint,
925 1007 1007 1068 ut,
1052 997 1200 1072 quid
1242 997 1392 1056 ratio
1433 999 1695 1056 humana
1736 998 1814 1056 de
1868 997 1983 1056 hac
2025 1015 2089 1055 re

139 1085 448 1160 perspiciat,
493 1085 854 1144 sufficienter
894 1085 1174 1158 tradatur,
1221 1086 1443 1162 duplici
1487 1086 1735 1145 articulo
1791 1087 2087 1145 dicemus:

145 1195 185 1234 1.
223 1177 309 1232 De
350 1173 562 1233 ordine
605 1193 802 1234 rerum
844 1195 879 1233 a
921 1177 1058 1233 Deo
1101 1177 1472 1250 provisarum
1516 1175 1577 1234 in
1618 1177 1819 1235 finem.
1897 1197 1947 1234 2.
1996 1179 2089 1234 De

134 1264 544 1338 gubernatione
587 1262 790 1322 divina
831 1282 1029 1323 rerum
1071 1264 1339 1322 omnium
1381 1265 1837 1324 mundanarum.

260 1439 294 1506 ξ
335 1456 379 1491 1.
438 1445 527 1492 De
568 1443 763 1492 ordine
799 1457 984 1492 rerum
1021 1459 1056 1492 a
1094 1445 1220 1492 Deo
1260 1444 1611 1508 provisarum
1650 1445 1708 1492 in
1747 1445 1933 1493 finem.

241 1561 282 1616 I.
328 1571 414 1618 De
453 1569 782 1619 exsistentia
816 1569 986 1620 huius
1025 1569 1257 1618 ordinis.

238 1693 457 1743 Thesis.
538 1684 849 1742 Beatituda
888 1685 1130 1742 hominis
1169 1691 1254 1742 est
1274 1685 1424 1760 finis
1450 1685 1708 1741 internus
1734 1684 1964 1741 ultimus
2004 1683 2098 1740 vel

135 1773 354 1830 relative
393 1775 628 1831 ultimus
667 1774 836 1831 huius
875 1774 1087 1831 mundi.

243 1907 430 1956 Status
471 1906 842 1969 quaestionis.
925 1899 1017 1956 Ex
1057 1897 1209 1957 thesi
1252 1896 1330 1956 de
1372 1897 1489 1956 fine
1533 1896 1740 1954 ultimo
1782 1894 2095 1955 voluntatis

134 1986 354 2045 divinae
412 1988 532 2045 iam
590 1988 806 2047 scimus
847 2005 1045 2046 rerum
1089 1997 1421 2046 creatarum
1478 1985 1745 2044 omnium
1785 1986 1965 2043 finem
2007 1987 2099 2043 ab·

129 2076 292 2132 solute
330 2078 591 2144 ultimum
633 2095 763 2135 esse
818 2077 1069 2151 gloriam
1114 2076 1232 2133 Dei
1260 2078 1295 2133 ¹.
1381 2075 1545 2149 Quid
1588 2085 1786 2132 autem
1841 2076 1913 2133 sit
1968 2076 2100 2132 finis

129 2164 380 2224 internus
423 2166 658 2225 ultimus
699 2167 796 2225 vel
838 2166 1080 2225 relative
1121 2166 1357 2224 ultimus
1378 2211 1390 2235 ,
1454 2164 1842 2224 recolendum
1884 2173 1972 2222 est
2027 2182 2099 2222 ex

129 2253 446 2329 disciplinis
487 2255 848 2331 ontologicis
871 2256 912 2315 ².

241 2344 365 2404 Iam
407 2362 555 2402 vero
599 2344 972 2403 manifestum
1015 2354 1104 2402 est
1145 2354 1207 2403 et
1248 2342 1614 2418 experientia
1643 2343 2098 2417 comprobatum

128 2432 365 2491 diversis
408 2433 590 2491 rebus
632 2433 896 2492 diversas
939 2454 974 2491 a
1002 2444 1215 2491 natura
1256 2442 1316 2491 et
1342 2430 1600 2507 proinde
1630 2431 1836 2489 ultimo
1878 2451 1914 2488 a
1942 2449 2100 2490 crea·

125 2531 248 2579 tore
288 2522 506 2580 inditas
550 2540 678 2580 esse
719 2522 1140 2581 inclinationes
1198 2521 1261 2578 in
1316 2521 1465 2579 fines
1507 2520 1801 2596 proprios,
1885 2521 2101 2594 Neque

127 2610 512 2669 dubitandum
556 2622 661 2683 est,
705 2613 850 2687 quin
892 2614 1087 2682 DeuS,
1146 2619 1351 2685 utpote
1395 2609 1619 2667 infinite
1665 2608 1931 2683 sapienS,
1992 2609 2102 2666 sin-

126 2701 286 2773 gulos
327 2700 441 2758 hos
491 2702 640 2759 fines
683 2701 759 2758 ad
810 2701 991 2759 finem
1034 2700 1305 2758 absolute
1361 2698 1629 2757 ultimum
1674 2698 2102 2773 perfectissime

125 2789 512 2864 adaptaverit.

241 2879 562 2952 Quaeritur
604 2878 860 2953 proinde
901 2877 1031 2949 hic,
1092 2877 1403 2952 quomodo
1464 2877 1540 2935 de
1600 2877 1759 2933 facto
1804 2877 1969 2933 Deus
2024 2875 2107 2932 di-

125 2986 316 3025 versas
358 2969 490 3025 illas
531 2986 727 3025 rerum
783 2969 845 3025 in
900 2968 1177 3043 proprios
1237 2967 1385 3024 fines
1440 2965 1775 3024 tendentias
1831 2964 1985 3022 inter
2041 2982 2104 3022 se

124 3056 502 3127 ordinaverit,
548 3066 608 3115 et
647 3057 726 3115 ad
769 3056 1137 3132 propositam
1180 3056 1593 3130 quaestionem
1638 3054 2099 3129 respondemus:

125 3147 234 3203 Res
271 3147 444 3203 leuius
483 3146 684 3203 mundi
720 3148 872 3204 inter
909 3164 966 3204 se
1005 3147 1172 3203 Deus
1214 3147 1297 3202 ita
1338 3145 1661 3212 ordinavit,
1713 3150 1779 3200 ut
1817 3145 1969 3199 entia
2010 3144 2101 3200 lto-

126 3238 262 3294 mini
297 3236 591 3311 inferiora
629 3237 747 3293 sint
775 3243 1015 3311 propter
1042 3235 1386 3310 felicitatem
1428 3234 1669 3291 hominis
1686 3278 1703 3301 ,
1764 3233 1928 3289 lzomo
1968 3252 2103 3290 vero

245 3414 262 3443 ¹
302 3416 380 3463 Cf.
423 3430 576 3477 supra
613 3430 665 3477 p.
707 3426 824 3475 243.
974 3411 996 3443 ²
1034 3414 1112 3462 Cf.
1153 3413 1255 3461 vol.
1296 3414 1333 3470 I,
1377 3423 1497 3471 311.
