2367 3850
21 0 636 52 ng
660 9 670 16 .
729 29 747 38 .-
830 39 833 44 Ι

362 244 445 280 DE
484 244 943 281 OPERATIONIBUS
985 245 1092 280 VEL
1131 244 1370 282 ACTIBUS
1409 245 1791 284 VOLUNTATIS.
1988 245 2056 296 93

79 408 149 448 ex
206 408 389 449 causa
460 403 517 450 et
576 393 823 452 remotis
882 392 1159 451 omnibus
1229 404 1350 451 tum
1421 392 1578 452 vitae
1637 403 1760 451 tum
1821 391 2058 452 animae

78 480 352 553 periculis
373 481 410 537 ¹.

191 631 491 682 Scholion.
570 625 665 681 Ex
717 623 808 682 his
864 623 1139 683 omnibus
1197 623 1487 698 sequitur,
1547 635 1610 682 ut
1651 624 1917 700 perfecta
1958 624 2056 682 illa

72 708 328 768 dicenda
373 712 451 770 sit
490 714 779 786 voluntaS,
826 731 979 788 quae
1019 731 1217 772 verum
1251 715 1424 786 finem
1461 723 1707 772 naturae
1736 714 2052 786 humanae,

73 808 129 855 et
168 799 377 858 media
422 801 502 859 ad
541 801 737 878 ipsum
791 803 1231 877 assequendum
1287 802 1572 874 intendit,
1630 802 1880 880 ipsaque
1935 804 2061 862 vult

68 896 312 958 strenue,
358 889 398 948 i.
432 909 484 948 e.
517 909 642 949 non
671 891 1039 950 obstantibus
1078 891 1338 950 motibus
1367 891 1662 951 continuis
1691 892 2052 968 passionum,

56 977 399 1051 prudenter,
458 980 494 1036 i.
540 1000 590 1039 e.
636 982 744 1040 sub
800 981 1022 1040 lumine
1064 999 1303 1057 semper
1345 981 1680 1040 intellectus
1723 981 2052 1058 dirigentiS,

60 1075 511 1139 perseveranter
548 1072 644 1128 vel
688 1081 1049 1129 constanter.

184 1165 279 1220 Ex
322 1166 573 1224 defectu
614 1178 813 1226 autem
854 1167 1099 1226 alicuius
1140 1185 1213 1225 ex
1254 1167 1346 1225 his
1388 1167 1627 1226 dotibus
1655 1167 1922 1226 oriuntur
1953 1166 2054 1242 qui

72 1252 353 1312 dicuntur
393 1255 713 1314 voluntatis
756 1257 948 1314 morbi.

188 1351 291 1410 Sic
335 1371 416 1411 ex
459 1353 701 1412 defectu
742 1357 1087 1412 constantiae
1126 1354 1190 1412 in
1245 1354 1562 1413 voluntatis
1617 1354 1924 1413 tendentia
1975 1354 2054 1413 ad

69 1443 247 1498 finem
291 1460 487 1500 unum
527 1444 635 1501 sub
678 1443 900 1501 influxu
942 1443 1276 1502 intellectus
1319 1443 1628 1519 dirigentis
1669 1444 1941 1502 voluntas
1989 1445 2052 1502 fit

71 1531 359 1589 mutabilis
404 1526 791 1608 (launenhaft,
837 1529 1217 1609 capricieux).

189 1630 283 1686 Ex
328 1629 576 1689 defectu
616 1648 761 1688 vero
804 1633 1157 1688 strenuitatz's
1198 1632 1293 1690 vel
1325 1632 1669 1706 prudentiae
1709 1631 1831 1688 duo
1888 1649 2055 1706 prae·

72 1717 271 1776 sertim
318 1719 591 1777 oriuntur
631 1719 949 1778 voluntatis
990 1719 1220 1778 morbi:

194 1836 243 1874 r.
304 1817 593 1886 Aboulia,
644 1835 825 1891 quam
866 1826 1085 1876 vocant
1128 1812 1185 1893 (α
1229 1817 1377 1894 priv.
1423 1828 1483 1876 et
1527 1812 1751 1893 βουλή),
1809 1819 1906 1876 vel
1949 1818 2050 1875 im-

73 1904 441 1979 possibilitas
483 1907 781 1982 quaedam
821 1924 952 1966 sese
995 1907 1074 1966 ad
1114 1907 1417 1983 agendum
1460 1907 1900 1967 determinandi
1925 1907 1960 1967 ².

189 2024 243 2061 2.
290 2005 494 2075 Status
535 2006 883 2081 z'mpulsivuS,
926 2005 989 2063 in
1028 2021 1151 2080 quo
1195 2007 1275 2076 fit,
1320 2015 1383 2062 ut
1424 2023 1609 2080 agens
1653 2016 1890 2080 praeter
1931 2005 2052 2064 dic-

70 2101 271 2151 tamen
317 2094 571 2153 rationis
613 2094 691 2154 ad
732 2096 1034 2170 agendum
1077 2094 1414 2170 impellatur
1437 2094 1474 2152 ⁸.

195 2302 211 2333 ¹
249 2308 336 2354 Ita
372 2307 477 2355 fere
516 2308 664 2357 Pescla
702 2309 735 2357 1.
777 2325 819 2357 c.
858 2324 908 2372 p.
948 2320 1051 2369 419
1092 2317 1141 2356 et
1179 2318 1286 2367 420
1323 2315 1372 2355 et
1409 2307 1628 2356 Lehmen
1670 2307 1702 2355 l.
1743 2322 1784 2355 c.
1839 2323 1886 2370 p.
1929 2318 2048 2368 321.

74 2410 138 2418 —
177 2386 335 2434 Plura
374 2387 440 2436 de
475 2388 573 2436 hac
608 2404 663 2436 re
702 2388 945 2449 invenies,
985 2388 1115 2436 inter
1147 2386 1288 2448 alios,
1329 2388 1463 2451 apud
1489 2388 1580 2435 Dr.
1607 2386 1670 2436 L.
1700 2388 1907 2435 Schutz:
1945 2387 2052 2435 Der

74 2465 445 2529 Hypnotismus
475 2464 685 2533 (1898),
725 2478 775 2517 et
806 2470 1085 2527 Coconm’er,
1123 2466 1508 2532 L'hypnotisme
1537 2469 1678 2516 franc
1707 2465 1918 2531 (1898).
1972 2467 2049 2517 Cf.

76 2545 219 2593 etiam
257 2548 480 2596 Mercier
516 2548 548 2597 1.
589 2564 631 2597 c.
672 2566 721 2613 p.
763 2562 869 2610 440
906 2565 1017 2613 sqq.
1079 2549 1300 2598 Lehmen
1337 2548 1368 2596 l.
1411 2564 1452 2597 c.
1492 2564 1542 2612 p.
1585 2561 1687 2610 314
1725 2564 1834 2611 sqq.

190 2624 213 2656 ²
256 2627 367 2675 «Le
405 2642 600 2694 groupe
639 2631 701 2678 de
739 2630 851 2678 faits
888 2644 985 2694 que
1024 2629 1097 2678 les
1135 2628 1392 2690 medecina
1428 2636 1646 2693 rangent
1684 2644 1802 2677 sous
1841 2628 1888 2676 le
1929 2644 2048 2676 nom

76 2705 335 2756 d’aboulie
385 2717 462 2757 est
514 2717 792 2759 nettement
841 2710 1166 2760 caracteris&
1222 2710 1296 2758 les
1349 2725 1562 2774 organes
1616 2709 1683 2756 du
1734 2717 2052 2757 mouvement

77 2796 187 2835 sont
225 2789 427 2850 intacts,
468 2788 826 2855 l'intelligence
864 2800 940 2839 est
978 2790 1160 2850 lucide,
1202 2790 1249 2838 le
1282 2790 1539 2855 jugement
1572 2790 1694 2851 sain,
1733 2788 1782 2837 le
1807 2790 1934 2854 sujet
1959 2790 2052 2837 sait

75 2882 129 2915 ce
166 2868 298 2933 qu'il
337 2870 531 2919 devrait
566 2870 791 2933 vouloir‚
847 2870 1054 2920 connait
1090 2870 1164 2919 les
1202 2886 1408 2934 moyens
1447 2868 1569 2935 qu'il
1607 2869 1826 2919 faudrait
1875 2878 2051 2918 mettre

78 2962 137 2994 en
175 2966 353 2998 oeuvre
390 2966 523 3015 pour
560 2950 682 3011 cela,
723 2951 846 2999 mais
886 2968 949 2999 ne
988 2952 1083 2999 sait
1120 2967 1214 3015 pas
1253 2966 1306 2998 se
1345 2950 1550 2999 decider
1587 2948 1617 2997 ὲ
1642 2950 1779 3015 agir»
1815 2947 2056 3013 (Mercier

77 3026 107 3076 1.
146 3046 187 3078 c.
228 3047 283 3095 p.
325 3028 474 3095 459).

195 3108 217 3140 ⁸
256 3110 336 3159 Cf.
376 3112 595 3161 Mera-ier
630 3112 754 3159 ibid.
