2367 3850
412 205 495 241 DE
536 205 812 242 TEMPORE
852 207 1204 243 CREATIONIS
1243 207 1472 244 ANIMAE
1516 207 1823 244 HUMANAE.
2015 208 2110 260 133

238 353 573 428 Repugnat
603 354 781 412 etiam
812 357 1017 412 creatio
1046 354 1281 413 animae
1318 375 1357 412 a
1387 357 1738 430 parentibus.
1797 355 2119 415 Productio

133 441 277 498 enim
336 445 517 500 totius
572 443 935 502 substantiae
994 462 1065 502 ex
1108 444 1333 502 nihilo¹
1391 444 1685 502 rationem
1727 444 2116 503 sufficientem

135 531 346 590 habere
394 549 524 590 non
553 543 750 606 potest
778 532 840 590 in
871 543 1008 591 ente
1043 534 1306 608 quodam
1335 534 1408 590 ab
1435 534 1549 592 alio
1577 533 1910 605 exsistente,
1955 533 2120 608 quod

133 619 349 679 scilicet
377 621 602 679 habeat
630 639 740 680 esse
768 629 1062 697 receptum,
1108 623 1216 680 sed
1245 623 1321 680 ab
1352 640 1427 680 eo
1466 632 1692 680 tantum
1735 623 1863 681 fieri
1904 633 2116 699 potest,

134 708 283 767 cuius
327 709 591 768 essentia
632 719 723 768 est
764 729 909 782 esse,
956 711 1034 768 ab
1076 721 1216 771 ente
1259 710 1484 770 scilicet
1525 731 1564 768 a
1604 729 1678 780 se,
1723 711 1760 770 i.
1801 729 1853 770 e.
1898 731 1934 770 a
1963 713 2116 770 Deo,

136 798 368 855 Creatio
418 809 734 872 praeterea
772 799 1049 858 virtutem
1091 799 1384 858 infinitam
1439 801 1814 876 expostulare
1870 799 2119 858 videtur.

136 888 286 944 Inter
332 889 490 944 nihil
525 889 689 946 enim
734 888 909 947 totius
952 889 1316 948 substantiae
1359 889 1558 948 finitae
1601 900 1661 948 et
1701 907 1814 946 esse
1853 889 2120 948 eiusdem

136 986 217 1032 est
240 977 623 1052 dzkproportio
652 976 896 1036 infinita.
970 979 1155 1037 Unde
1184 979 1264 1036 ad
1292 978 1600 1037 transitum
1629 978 1792 1036 illum
1820 996 1895 1036 ex
1935 977 2122 1036 nihilo

136 1065 207 1122 ad
267 1083 401 1124 esse
461 1065 847 1124 efficiendum
907 1067 1179 1141 potentia
1249 1067 1480 1125 infinita
1542 1067 1766 1142 requiri
1825 1066 2062 1126 videtur
2081 1069 2120 1124 ².

139 1154 411 1212 Ceterum
439 1155 604 1211 nulla
639 1173 923 1230 umquam
953 1155 1135 1214 virtus
1177 1166 1380 1214 creata
1421 1175 1492 1214 ex
1534 1156 1721 1214 nihilo
1765 1157 1852 1214 sui
1895 1167 1954 1214 et
1995 1156 2125 1214 sub-

139 1242 264 1300 iecti
288 1244 613 1318 quicquam
634 1243 930 1319 produxit.
982 1246 1323 1304 Universali
1342 1244 1504 1304 enim
1524 1245 1891 1320 experientia
1909 1245 2126 1303 scimus

140 1331 559 1406 productiones
601 1333 1017 1392 substantiales
1060 1353 1289 1405 omnes,
1336 1352 1490 1409 quae
1532 1334 1622 1392 his
1664 1333 1724 1391 in
1768 1333 1939 1392 terris
1981 1335 2125 1390 fiunt

137 1421 209 1477 ab
262 1421 575 1496 agentibus
631 1423 997 1481 naturalibus
1014 1469 1027 1494 ‚
1086 1442 1214 1482 non
1257 1441 1388 1482 esse
1429 1422 1544 1480 nisi
1584 1423 2126 1498 transformationes

140 1511 481 1568 materiales

252 1601 575 1674 Repugnat
605 1599 869 1676 denique
899 1601 1188 1659 Rosminii
1210 1602 1507 1669 sententia,
1541 1600 1680 1676 quia
1710 1600 1927 1671 anima,
1968 1615 2124 1674 quae

141 1698 224 1746 est
263 1689 541 1747 sensitiva
578 1699 827 1760 tantum,
872 1689 1071 1748 ideam
1115 1689 1268 1748 entis
1311 1691 1374 1747 in
1416 1709 1479 1748 se
1523 1689 1855 1765 exprimere
1899 1686 2121 1761 nequit.

144 1777 456 1848 Quomodo
484 1797 651 1849 vero,
693 1777 829 1836 idea
860 1778 1011 1836 entis
1041 1779 1435 1850 manifestata,
1480 1777 1682 1836 anima
1707 1777 2026 1852 spiritual&
2053 1794 2125 1833 ex

144 1865 441 1924 sensitivae
462 1867 704 1926 animae
723 1869 1200 1926 transmutatione
1219 1867 1457 1937 oriatur,
1489 1865 1728 1943 concipi
1756 1883 1880 1923 non
1909 1873 2122 1941 potest,

145 1956 276 2029 quia
302 1967 433 2015 sunt
469 1956 648 2015 ideae
692 1957 828 2015 illae
872 1967 1275 2032 repugnantes
1318 1959 1407 2015 vel
1456 1956 1834 2015 insociabiles
1853 1957 1889 2013 ³.
1963 1955 2125 2027 Ergo

147 2044 569 2103 admittendum
631 2056 721 2105 est
780 2046 1041 2121 singulas
1102 2046 1334 2105 animas
1391 2046 1681 2103 humanas
1741 2064 1776 2101 a
1830 2045 1966 2101 Deo
2027 2042 2128 2099 im-

148 2134 388 2193 mediate
434 2134 646 2193 creari.

915 2294 1250 2340 AR'r1cusz
1291 2303 1351 2339 11.

286 2408 381 2455 DE
419 2408 761 2457 TEMPORE
802 2406 1237 2455 CREATIONIS
1276 2403 1557 2453 ANIMAE
1597 2400 1966 2451 HUMANAE.

455 2544 492 2611 ξ
539 2561 581 2594 1.
655 2545 1130 2597 praeexsistentia
1170 2547 1486 2595 animarum
1525 2543 1805 2593 refellitur.

260 2670 520 2728 Platonis
581 2679 709 2729 erat
766 2670 1062 2729 sententia
1117 2668 1348 2727 animas
1403 2667 1723 2732 humanaS,
1785 2662 2124 2737 priusquam

156 2758 487 2833 corporibus
532 2760 650 2817 suis
694 2759 1053 2817 coniunctae
1097 2758 1245 2829 sint,
1290 2757 1350 2814 in
1395 2754 1564 2813 astris
1606 2752 1906 2828 puriorem
1948 2748 2126 2807 vitam

157 2846 400 2921 degisse,
458 2858 677 2924 postea
732 2866 877 2906 vero
934 2847 1175 2906 sceleris
1217 2844 1419 2904 luendi
1464 2861 1642 2901 causa
1683 2841 1744 2898 in
1785 2839 1876 2896 his
1919 2854 2126 2909 corpo-

158 2934 299 2993 ribus
337 2936 597 2995 inclusas
640 2954 788 2997 esse.

274 3144 289 3175 ¹
324 3148 455 3209 Quid
494 3149 556 3197 sit
596 3148 804 3207 creatio,
844 3148 1016 3196 recole
1055 3163 1115 3195 ex
1153 3146 1230 3206 iis,
1272 3159 1401 3208 quae
1439 3143 1489 3189 in
1528 3134 1840 3199 cosmologia
1878 3130 2128 3181 declarata

166 3234 269 3273 sunt
302 3228 396 3277 vol.
434 3228 475 3288 I,
520 3238 643 3291 375,

271 3302 292 3335 ²
326 3307 399 3355 Cf.
437 3309 674 3367 Boedder,
712 3307 899 3357 Theol.
940 3315 1041 3355 nat.
1082 3323 1133 3371 p.
1176 3314 1278 3365 272
1319 3309 1371 3351 et
1409 3310 1528 3359 274.

274 3383 294 3414 ⁸
328 3386 401 3435 Cf.
440 3388 540 3436 vol.
583 3390 623 3447 I,
667 3398 753 3451 25.
