2367 3850
962 895 1195 958 LIBER
1243 910 1286 958 1.

332 1025 686 1089 ETHICA
734 1026 1200 1091 SPECIALIS
1248 1029 1902 1094 INDIVIDUALIS.

856 1189 1079 1248 CAPUT
1123 1204 1394 1247 UNICUM.

196 1308 307 1366 DE
352 1311 734 1371 DOMINIO
778 1312 1393 1370 PROPRIETATIS
1437 1313 1621 1370 SIVE
1665 1315 1776 1371 DE
1820 1315 2022 1372 IURE

496 1401 1119 1460 PROPRIETATIS
1162 1401 1672 1460 INDIVIDUAE
1703 1402 1735 1460 ¹.

911 1551 1252 1600 Aa'ncuws
1292 1563 1328 1599 1.

242 1665 519 1714 VARIAE
558 1664 1023 1714 SENTENTIAE
1063 1665 1278 1714 CIRCA
1316 1665 1427 1714 IUS
1467 1665 1971 1714 PROPRIETATIS

866 1745 1374 1795 EXPONUNTUR.

214 1881 248 1949 ἓ
294 1899 341 1936 1.
400 1887 698 1937 Notiones
734 1886 1001 1951 praeviae
1042 1886 1190 1937 eirca
1229 1885 1545 1936 dominium
1585 1885 1949 1950 explanantur
1965 1883 2001 1936 ⁹.

232 2010 275 2066 I.
327 2018 508 2067 Notio
554 2010 810 2068 dominii.

237 2128 259 2164 1
272 2153 284 2165 .
332 2108 681 2166 Dominium
696 2153 714 2178 ,
772 2109 892 2166 lato
932 2126 1099 2166 sensu
1138 2114 1439 2185 sumptum,
1494 2116 1582 2166 est
1624 2106 1870 2167 facultas
1910 2108 2106 2184 dispo-

122 2196 297 2255 nendi
338 2198 407 2255 de
448 2199 653 2273 aliqua
694 2218 761 2257 re
805 2199 901 2256 vel
944 2200 1177 2267 actione,
1222 2207 1528 2271 tamquam
1568 2215 1690 2256 sua.
1750 2200 1891 2255 Hoc
1930 2216 2105 2256 sensu

122 2283 229 2343 lato
270 2296 530 2362 accepta
586 2286 758 2346 notio
815 2286 1067 2345 dominii
1124 2304 1258 2345 sese
1302 2286 1569 2344 extendit
1622 2294 1745 2343 tum
1801 2286 1878 2344 ad
1920 2286 2102 2344 domi-

21 2386 23 2403 *
123 2374 271 2433 nium
314 2376 743 2445 iurisdictioniS,
790 2374 958 2451 quod
988 2386 1079 2433 est
1119 2375 1370 2433 facultas
1398 2373 1760 2450 disponendi
1788 2375 1864 2433 de
1893 2377 2104 2433 actione

21 3486 25 3551 V

122 2462 325 2539 aliqua,
370 2476 641 2542 potestas
684 2464 915 2524 scilicet
954 2465 1190 2539 regendi
1223 2464 1502 2534 subditos,
1557 2464 1646 2523 ius
1688 2463 1966 2537 dicendO,
2024 2464 2103 2523 fe-

234 2675 249 2707 ¹
287 2678 348 2726 In
389 2678 489 2729 hac
528 2678 879 2743 disputatione
916 2676 1160 2742 magistro
1199 2676 1385 2725 utimur
1422 2676 1475 2726 P.
1520 2676 1753 2725 Cathrein
1792 2675 1842 2725 S.
1874 2677 1949 2740 J.,
1990 2676 2098 2727 bre-

124 2756 241 2805 viter
274 2759 675 2823 complectendo
719 2774 779 2807 ea
800 2796 811 2818 ,
871 2774 1001 2823 quae
1039 2757 1296 2824 copiosius
1331 2766 1624 2821 persecutus
1674 2765 1750 2806 est
1801 2757 2098 2807 clarissimus

124 2834 199 2885 ille
234 2839 449 2903 scriptor
488 2840 540 2887 in
580 2839 901 2905 Philosophia
940 2854 1030 2887 sua
1076 2839 1302 2905 morali„
1325 2838 1406 2887 ed.
1448 2850 1477 2900 3
1519 2835 1684 2901 (Frib.
1725 2837 1887 2903 Brisg.
1935 2836 2094 2904 1900)

125 2932 167 2979 p.
194 2920 491 2979 240—282.
547 2920 625 2969 Cf.
656 2920 809 2969 etiam
834 2920 1043 2969 eiusdem
1069 2934 1254 2983 opera:
1284 2919 1392 2968 Der
1416 2918 1737 2967 Socialismus
1766 2915 1870 2983 (ed.
1902 2930 1930 2981 7
1959 2920 2095 2971 Frib.

129 2995 304 3063 1898);
348 3000 850 3066 Moralphilosophie
892 2998 999 3064 (ed.
1028 3013 1059 3065 3
1099 2999 1238 3047 Frib.
1275 2997 1435 3063 1899)
1463 2999 1527 3060 11,
1565 3011 1854 3063 113—324.
1907 3002 2092 3067 Meyer,

123 3076 233 3127 Inst.
264 3081 357 3130 iur.
392 3091 496 3130 nat.
518 3083 585 3141 II,
616 3080 913 3141 126—192.
960 3081 1222 3139 Gutberlet,
1248 3078 1405 3127 Ethik
1433 3080 1537 3128 und
1565 3080 1870 3131 Naturrecht
1899 3079 2003 3147 (ed.
2033 3084 2091 3149 3)

124 3175 167 3222 p.
198 3171 288 3223 137
316 3178 429 3227 sqq.
458 3171 509 3212 et
536 3180 588 3227 p.
624 3171 741 3225 195.
794 3160 939 3223 Quae
965 3162 1015 3209 iu
1041 3160 1139 3209 hoc
1167 3159 1336 3225 capite
1361 3161 1428 3209 ad
1451 3161 1660 3210 verbum
1686 3161 1964 3213 afferuntur
1987 3165 2093 3215 sine

124 3248 323 3304 auctore,
348 3244 673 3307 deprompta
710 3250 826 3291 sunt
864 3258 924 3290 ex
968 3240 1330 3305 «Philosophia
1366 3242 1568 3291 morali»
1613 3244 1665 3293 P.
1695 3244 1936 3296 Cathrein
1973 3247 2006 3297 l.
2047 3265 2089 3299 c.

233 3318 253 3351 ²
286 3323 438 3373 Haec
490 3323 782 3387 explanatio
834 3321 892 3371 fit
942 3321 1222 3371 secundum
1273 3321 1551 3372 doctrinam
1601 3340 1630 3373 a
1680 3326 1734 3376 P.
1773 3329 1926 3381 Marc
1973 3329 2004 3379 l.
2047 3348 2089 3382 c.

127 3414 167 3447 n.
204 3402 293 3465 841
337 3420 450 3471 sqq.
490 3403 743 3453 traditam.
