2367 3850
1480 11 1613 16 ---·-—---
1630 11 2321 63 -ιιιὶ--ς-*ς-ΤὟὟ-ππη
2352 11 2353 24 1

2320 72 2323 89 l

280 225 383 277 288
864 235 1095 276 arinca.
1160 236 1300 275 PARS
1341 234 1678 276 canamus

279 387 523 446 moralis
565 388 748 445 habet
808 404 881 445 ex
942 387 1276 445 directione
1332 385 1596 444 rationis.
1680 388 1822 460 Ipsa
1875 384 2042 443 enim
2093 381 2245 452 ratic,

281 477 361 535 ad
403 486 729 534 extremum
760 474 1228 547 deliberationiS,
1272 474 1496 534 iudicio
1537 493 1644 533 suo
1675 473 1950 550 practico
1979 473 2248 531 voluntati

280 583 354 625 ex
395 584 459 624 se
501 564 993 624 indeterminatae
1011 611 1027 637 ,
1086 564 1233 639 quid
1275 565 1578 640 agendum
1633 563 1705 622 sit
1744 563 2009 635 indicat,
2066 561 2147 620 ita
2193 571 2250 618 ut

282 653 496 713 electio
537 654 855 713 voluntatis
895 671 1021 712 non
1062 655 1137 712 sit
1175 654 1238 710 in
1280 655 1507 711 bonum
1552 652 1999 728 quodcumque,
2057 650 2161 709 sed
2197 651 2250 707 in

282 745 507 802 bonum
549 753 615 801 ut
654 742 1108 818 praecognitum
1152 752 1213 801 et
1255 741 1577 802 iudicatum
1621 762 1658 800 a
1697 742 1949 800 ratione.
2009 738 2254 798 Proinde

282 832 433 890 ratio
475 833 757 890 bonitatis
799 832 895 890 vel
949 831 1210 890 malitiae
1266 831 1508 889 moralis
1549 830 1836 906 ponenda
1889 840 1985 888 est
2026 827 2090 885 in
2131 847 2257 886 con-

286 921 579 980 formitate
620 922 717 980 vel
758 920 1144 980 difformitate
1186 929 1354 978 actus
1395 921 1568 979 liberi
1627 938 1760 978 cum
1801 917 2143 980 ‚directione
2182 935 2257 974 ra-

285 1010 479 1081 tionis,
524 1011 560 1069 i.
605 1027 659 1069 e.
705 1028 841 1067 cum
884 1009 1113 1068 ratione
1154 1010 1438 1086 practica.

406 1101 533 1157 Iam
575 1117 722 1158 vero
768 1117 902 1156 cum
945 1099 1074 1174 ipse
1115 1099 1451 1158 intellectus
1492 1107 1696 1156 noster
1736 1099 1810 1156 sit
1850 1096 2256 1171 cognoscitivus,

287 1207 412 1246 non
440 1198 637 1246 autem
656 1187 918 1261 factivus
945 1189 1225 1260 veritatiS,
1256 1187 1636 1246 manifestum
1666 1196 1755 1245 est
1782 1187 2082 1245 rationem
2110 1185 2256 1242 illam

288 1277 634 1353 ponendam
679 1295 807 1336 esse
850 1277 911 1334 in
942 1277 1361 1335 conformitate
1402 1278 1497 1335 vel
1528 1276 1910 1334 difformitate
1939 1285 2108 1333 actus
2134 1290 2258 1330 cum

289 1367 519 1424 ratione
561 1373 731 1434 recta,
776 1366 812 1423 i.
858 1384 911 1425 e.
956 1365 1256 1424 conformi
1283 1365 1515 1424 veritati
1544 1365 1896 1423 obiectivae.
1971 1363 2092 1422 Sed
2121 1361 2257 1419 ratio

290 1455 557 1530 practica
597 1455 926 1513 conformis
970 1465 1058 1513 est
1098 1454 1352 1529 veritati,
1393 1454 1441 1512 si
1484 1453 1723 1512 exhibet
1751 1455 2132 1512 essentialem
2169 1469 2258 1506 na-

293 1554 456 1602 turae
518 1544 816 1602 humanae
876 1543 1271 1602 directionem
1334 1543 1397 1600 in
1451 1546 1633 1601 finem
1676 1561 1712 1600 a
1755 1541 2049 1600 Creatore
2107 1557 2257 1616 prae-

292 1635 470 1690 fixum
498 1635 532 1690 ¹.
618 1635 784 1708 Ergo
825 1652 1039 1691 norma
1080 1633 1361 1690 bonitatis
1404 1633 1499 1690 vel
1543 1630 1800 1689 malitiae
1856 1630 2100 1689 moralis
2139 1647 2259 1704 pro-

292 1722 452 1778 xima
513 1732 601 1780 est
660 1732 870 1779 natura
932 1720 1236 1779 rationalis
1293 1719 1583 1791 hominis,
1648 1722 1728 1778 ita
1785 1731 1850 1778 ut
1909 1719 2062 1777 ratio
2103 1717 2257 1774 huius

296 1810 575 1868 bonitatis
616 1812 711 1869 vel
754 1810 1011 1868 malitiae
1041 1810 1387 1884 formaliter
1427 1809 1814 1868 constituatur
1855 1805 2261 1866 convenientia

296 1901 389 1958 vel
432 1899 971 1972 disconvenientia,
1030 1918 1211 1975 quam
1254 1899 1521 1958 actiones
1562 1900 1819 1958 morales
1874 1899 2102 1957 habent
2141 1911 2262 1971 pro-

296 1989 453 2047 xime
496 2008 631 2047 cum
674 1989 904 2048 ratione
947 1990 1209 2047 humana
1237 1989 1519 2065 practica,
1565 1998 1859 2064 quatenus
1900 1988 2055 2045 haec
2083 2002 2260 2044 essen-

294 2078 493 2155 tialem
536 2089 781 2137 naturae
822 2079 1121 2137 humanae
1178 2078 1481 2136 rationalis
1523 2076 1922 2136 directionem
1978 2078 2042 2133 in
2095 2077 2259 2131 finem

296 2166 551 2225 exhibet.

417 2267 491 2323 11.
552 2265 846 2323 Probatur
900 2266 1088 2322 altera
1133 2274 1286 2341 pars
1343 2266 1411 2323 de
1464 2284 1666 2323 norma
1719 2265 1956 2333 ultima,
2015 2280 2157 2339 quae
2193 2264 2266 2315 est

296 2356 533 2411 essentia
575 2354 788 2412 divina.

417 2442 687 2501 Directio
730 2443 891 2501 enim
932 2444 1049 2515 illa,
1095 2443 1190 2500 cui
1231 2442 1500 2501 actiones
1552 2443 1844 2499 humanas
1901 2442 2260 2501 conforman-

297 2533 403 2590 das
446 2549 576 2590 esse
619 2532 770 2590 ratio
812 2542 1018 2590 nostra
1046 2531 1349 2608 perspicit,
1394 2541 1642 2590 naturae
1670 2532 1970 2589 humanae
1997 2525 2258 2588 naturalis

298 2630 401 2691 est,
448 2620 483 2679 i.
516 2638 567 2679 e.
614 2622 691 2679 ab
734 2620 988 2680 essentia
1028 2621 1289 2678 hominis
1331 2620 1536 2679 defluit
1577 2630 1636 2679 et
1678 2620 1740 2677 in
1781 2620 1914 2694 ipsa
1944 2620 2212 2679 fundatur
2227 2614 2258 2670 ².

297 2709 417 2767 Sed
460 2709 753 2783 quidquid
794 2710 856 2767 in
901 2709 1169 2768 essentiis
1211 2727 1408 2767 rerum
1451 2708 1765 2781 invenitur,
1823 2709 2034 2767 ultimo
2079 2704 2260 2765 funda-

295 2808 387 2854 tur
443 2798 505 2855 in
561 2798 817 2856 essentia
871 2798 1074 2857 divina
1131 2809 1192 2857 et
1251 2798 1311 2855 in
1355 2808 1491 2856 actu
1532 2798 1718 2856 divini
1761 2798 2102 2856 intellectus
2141 2812 2260 2853 con·

296 2886 598 2960 spicientis
659 2897 719 2945 et
778 2886 1112 2945 ordinantis
1174 2904 1270 2945 res
1330 2886 1392 2943 in
1451 2887 1633 2944 finem
1695 2886 1838 2962 ipsis
1881 2886 2258 2944 conformem.

298 2975 460 3048 Ergo
520 2994 732 3033 norma
787 2977 991 3034 ultima
1045 2975 1394 3033 moralitatis
1449 2975 1511 3031 in
1555 2975 1810 3033 essentia
1865 2974 2074 3033 divina
2117 2988 2259 3047 repo-

297 3064 499 3120 nenda
542 3073 629 3122 est
669 3064 766 3136 ita,
809 3075 872 3122 ut
913 3065 1063 3122 ratio
1106 3063 1235 3138 ipsa
1276 3063 1556 3122 bonitatis
1597 3066 1692 3121 vel
1733 3064 1994 3122 malitiae
2037 3059 2260 3120 moralis

297 3160 533 3209 actuum
574 3154 966 3210 humanorum
984 3199 997 3224 ,
1044 3152 1386 3226 formaliter
1426 3151 1803 3222 considerata
1820 3198 1834 3223 ‚
1892 3154 2174 3211 consistat
2207 3149 2256 3205 in

298 3240 713 3299 conformitate
756 3244 850 3299 vel
893 3240 1303 3312 difformitate,
1349 3260 1530 3315 quam
1571 3241 1840 3299 actiones
1883 3242 2142 3301 morales
2178 3240 2260 3295 ha·
2352 3314 2353 3319 η

426 3408 443 3437 ¹
480 3412 557 3456 Cf.
598 3427 744 3473 supra
782 3430 833 3473 p.
880 3426 976 3473 139
1002 3431 1109 3477 sqq.
1154 3424 1272 3475 253,
1321 3426 1441 3477 257.
1609 3415 1632 3446 ²
1669 3418 1748 3466 Cf.
1789 3434 1940 3481 supra
1978 3436 2028 3481 p.
2077 3431 2173 3479 ¹39
2195 3433 2253 3479 sq.
