2367 3850
240 209 343 260 324
836 209 1068 247 ETHICA.
1128 210 1268 246 PARS
1309 209 1610 247 SPECIALIS.

235 358 438 434 vigere
479 367 540 416 et
573 355 827 432 viguisse
856 359 1126 430 sciamuS‚
1170 375 1208 415 a
1235 357 1440 416 divina
1465 355 1846 433 providentia
1873 356 2230 416 ordinatum

238 466 367 507 esse
408 459 694 506 tenemus
754 447 999 506 Certum
1041 457 1131 506 est
1172 446 1334 507 enim
1378 448 1605 522 absque
1647 446 2075 522 inaequalitate
2119 447 2230 505 ho·

236 537 463 597 minum
504 537 716 595 multas
756 535 997 595 virtutes
1040 535 1292 594 sociales
1334 536 1601 595 exerceri
1644 555 1770 594 non
1824 554 2021 612 posse.
2110 536 2230 595 Ce-

236 638 427 686 terum
467 625 762 702 quidquid
804 633 893 684 est
934 626 1011 684 de
1051 626 1168 684 hac
1211 625 1450 684 divinae
1505 625 1922 701 providentiae
1983 625 2232 684 ordina·

236 715 399 774 tione
415 762 429 788 ,
473 713 841 790 experientia
882 713 1132 773 omnino
1172 723 1438 786 constat,
1482 715 1532 773 si
1577 732 1733 790 quae
1771 716 1933 773 mala
1974 733 2051 773 ex
2091 715 2230 772 iure

235 803 614 881 proprietatis
655 803 922 880 privatae
964 802 1027 861 in
1069 802 1414 862 societatem
1456 802 1782 876 irruerunt,
1841 821 1914 863 ea
1967 821 2043 862 ex
2087 803 2230 878 ipso

237 912 361 951 non
391 903 504 969 per
541 911 617 962 se,
661 893 769 952 sed
798 901 913 969 per
952 893 1202 950 accidens
1241 893 1509 952 irruisse:
1555 911 1682 951 non
1724 910 1834 969 per
1873 911 2066 964 usum,
2110 892 2230 950 sed

237 1000 345 1059 per
386 984 649 1041 abusum.
734 984 959 1041 Verum
1000 981 1257 1058 proinde
1299 981 1632 1041 remedium
1684 999 1811 1040 non
1866 993 1956 1041 est
2007 981 2074 1039 in
2131 999 2233 1039 so-

236 1073 500 1130 cialismo
543 1069 970 1146 quaerendum,
1016 1071 1121 1130 sed
1161 1071 1228 1128 in
1267 1070 1422 1129 vitiis
1464 1070 1858 1146 exstirpandis
1886 1069 2230 1129 virtutibus-

236 1179 372 1236 que,
417 1161 660 1218 caritate
703 1159 1052 1235 praesertim
1096 1170 1155 1218 et
1197 1159 1431 1232 iustitia,
1476 1159 1748 1220 colendis
1776 1162 1809 1218 ¹.

362 1269 411 1307 2.
456 1249 709 1324 Systema
736 1250 1147 1308 socialistarum
1160 1251 1414 1325 practice
1439 1249 1772 1326 impossibile
1795 1256 1892 1308 est,
1935 1251 2230 1324 Longum

237 1349 327 1397 est
380 1339 582 1396 omnia
635 1338 1019 1398 incommoda
1075 1357 1429 1398 enumerare
1446 1385 1461 1411 ,
1519 1338 1733 1414 quibus
1787 1338 1908 1398 hoc
1959 1349 2231 1415 systema

236 1428 485 1486 laborat.
570 1427 723 1486 Satis
765 1427 876 1486 erit
915 1429 1068 1487 haec
1108 1429 1370 1487 breviter
1409 1428 1798 1488 indicavisse:

358 1512 415 1592 a)
456 1516 534 1574 In
573 1517 1001 1576 determinanda
1039 1520 1359 1593 quantitate
1407 1526 1464 1575 et
1512 1519 1792 1594 qualitate
1844 1537 2039 1576 rerum
2083 1527 2232 1592 pro-

238 1606 611 1664 creandarum
653 1625 864 1680 magna
904 1608 1017 1664 erit
1052 1607 1383 1682 difficultas.
1447 1607 1641 1665 «Nam
1680 1609 1834 1666 haec
1871 1617 1959 1666 est
2003 1626 2232 1665 norma

238 1706 296 1754 et
338 1697 542 1771 regula
582 1695 1008 1770 productionis,
1066 1695 1362 1754 Nimirum
1403 1695 1735 1755 socialistae
1775 1698 1983 1756 volunt
2007 1697 2232 1755 tollere

240 1785 604 1857 ‚anarchiam
644 1781 1075 1860 productionis‘
1117 1794 1177 1843 et
1231 1785 1294 1842 in
1346 1786 1507 1843 hunc
1561 1787 1743 1844 finem
1800 1785 2003 1844 omnia
2055 1786 2232 1843 bona

239 1874 593 1951 productiva
634 1873 695 1931 in
738 1873 1068 1934 dominium
1107 1875 1285 1933 totius
1321 1873 1620 1934 societatis
1647 1875 1970 1935 transferre
1998 1874 2231 1935 eidem·

241 1982 357 2039 que
400 1964 695 2023 exclusive
737 1964 1220 2040 procreationem
1261 1973 1322 2022 et
1351 1964 1831 2024 distributionem
1859 1982 2059 2024 rerum
2087 1982 2228 2041 pro-

240 2054 548 2112 ductarum
594 2071 915 2112 reservare.
1000 2054 1198 2113 Nemo
1242 2071 1387 2130 ergo
1428 2054 1649 2130 poterit
1689 2073 1818 2114 rem
1879 2072 2229 2130 quamcum-

240 2160 357 2217 que
398 2142 673 2219 privatim
715 2146 1015 2202 conficere
1056 2145 1151 2201 vel
1180 2141 1462 2202 vendere.
1522 2143 1704 2217 Hinc,
1747 2162 1827 2203 ne
1855 2144 1987 2221 ipsa
2015 2144 2226 2205 civitas

239 2242 464 2291 temere
506 2250 600 2291 res
642 2232 879 2307 gignat,
936 2232 1120 2292 debet
1160 2243 1300 2291 ante
1341 2233 1546 2291 omnia
1587 2233 1769 2307 scire,
1827 2244 2118 2309 quantum
2163 2234 2226 2291 in

240 2339 604 2396 unoquoque
648 2340 870 2397 genere
913 2322 1272 2397 pariendum
1313 2322 1402 2380 sit.
1486 2324 1667 2381 Hanc
1709 2333 1908 2383 autem
1948 2322 2226 2381 notitiam

241 2410 549 2486 acquirere
590 2430 715 2469 non
757 2420 953 2486 potest
1005 2411 1118 2469 nisi
1173 2411 1419 2487 praevia
1472 2411 1872 2487 inquisitione.
1957 2412 2228 2471 Debebit

241 2518 386 2576 ergo
444 2499 744 2574 quaelibet
799 2499 1020 2558 familia
1037 2546 1052 2572 ,
1116 2518 1272 2575 quae
1327 2500 1439 2559 sibi
1493 2501 1807 2560 videantur
1859 2500 2222 2572 necessaria,

241 2589 591 2649 officialibus
633 2589 1026 2661 manifestare,
1068 2599 1133 2647 ut
1160 2589 1320 2661 dein,
1366 2590 1631 2650 collectis
1658 2590 1924 2665 undique
1954 2591 2227 2650 elenchis

241 2697 437 2738 rerum
480 2678 963 2750 necessariarum,
1008 2678 1071 2735 in
1114 2678 1420 2737 communi
1461 2679 1662 2755 aliquo
1703 2680 1880 2739 totius
1922 2680 2228 2739 societatis

244 2768 502 2829 concilio
556 2786 593 2826 a
645 2767 785 2826 viris
838 2768 1087 2827 delectis
1154 2787 1384 2826 summa
1443 2787 1642 2828 rerum
1709 2770 2226 2846 procreandas-um

244 2869 520 2918 accurate
578 2866 967 2933 computetur.
1052 2857 1239 2931 Quod
1297 2867 1462 2917 certe
1520 2858 1827 2935 negotium
1887 2860 2228 2917 innumera·

242 2949 393 3007 biles
452 2947 807 3023 scriptiones
868 2955 928 3004 et
986 2946 1284 3022 integrum
1343 2946 1668 3006 exercitum
1737 2947 2068 3007 scribarum
2137 2965 2229 3007 re-

244 3038 557 3113 quireret.»
1803 3056 1811 3065 ·

363 3121 426 3201 b)
488 3124 694 3184 Maior
732 3126 845 3183 erit
881 3124 1201 3201 difficultas
1239 3127 1301 3184 in
1343 3128 1566 3185 ratione
1605 3128 1817 3187 laboris
1856 3128 2080 3204 publici
2111 3136 2231 3204 per

244 3222 420 3273 totum
461 3234 696 3288 regnum
737 3215 1063 3272 ordinanda
1103 3221 1159 3271 et
1182 3217 1528 3290 praesertim
1579 3218 1641 3275 in
1695 3219 1982 3276 laboribus
2036 3218 2228 3276 distri-

370 3380 387 3410 ¹
428 3382 505 3428 Cf.
546 3380 619 3426 lit.
660 3380 851 3442 encycl.
893 3382 1080 3431 Rerum
1117 3398 1383 3432 novarum.
