2367 3850
266 185 285 220 1
298 173 365 222 68
893 182 1223 222 Tflaotoou
1267 183 1608 220 NATURALIS.

380 333 667 391 Naturam
724 333 987 408 denique
1044 341 1529 408 argumentorum
1583 331 1746 406 quod
1789 332 2044 401 attinet,
2109 331 2258 388 haec

260 431 395 480 sunt
434 421 697 480 breviter
736 421 1127 481 declaranda:

384 511 531 569 Sunt
572 511 678 586 qui
718 521 1069 587 argumenta
1128 510 1425 586 quaedam
1473 509 1641 585 quasi
1697 529 1732 567 a
1775 508 1970 585 priori
2019 509 2104 568 de
2147 507 2262 566 Dei

262 597 603 658 exsistentia
644 599 1127 674 excogitaverint,
1172 617 1310 657 cum
1338 599 1400 657 in
1431 597 1688 657 essentia
1717 597 1850 669 Dei,
1897 607 2098 674 prout
2127 615 2262 655 con-

262 699 439 764 ceptu
468 687 643 747 nobis
672 689 1094 759 manifestatur,
1126 686 1419 746 rationem
1447 687 1576 747 eius
1604 686 1988 746 exsistentiae
2011 687 2264 744 actualis

263 777 497 837 ostendi
539 796 715 854 posse
758 777 1110 853 putaverint.
1197 776 1396 849 Quam
1453 777 2052 852 argumentationem
2099 779 2268 851 quasi

263 887 301 924 a
328 867 530 942 priori
568 885 697 926 esse
740 865 895 937 dice,
940 866 1098 940 quia,
1148 884 1285 923 cum
1327 866 1390 923 in
1431 867 1569 926 Deo
1619 865 1968 924 exsistentia
2011 866 2096 924 sit
2137 865 2264 941 ipsa

264 955 388 1014 eius
430 955 703 1027 essentia,
750 957 973 1014 realem
1016 955 1388 1031 prioritatem
1428 955 1583 1014 inter
1623 954 1780 1012 hanc
1823 955 2166 1014 essentiam
2209 964 2264 1011 et

264 1045 453 1119 ipsam
510 1044 907 1103 exsistentiam
965 1061 1197 1120 ponere
1243 1061 1368 1102 non
1413 1043 1570 1102 licet.
1653 1045 2056 1120 Quapropter
2121 1043 2264 1102 eius·

262 1134 429 1193 modi
483 1134 915 1208 argumentatio
972 1153 1007 1191 a
1059 1133 1365 1192 nonnullis
1420 1133 1581 1191 dicta
1643 1143 1730 1192 est
1783 1153 1822 1191 a
1875 1135 2264 1191 simultaneo:

265 1232 509 1281 vocatur
564 1223 741 1280 etiam
798 1230 1194 1296 argumentum
1251 1223 1618 1296 ontohgicum
1676 1223 1772 1281 vel
1828 1231 2260 1298 argumentum

265 1312 324 1370 S.
363 1311 623 1369 Anselmi
640 1315 674 1383 ¹,
720 1331 755 1369 a
784 1329 905 1387 quo
934 1313 1190 1387 primum
1219 1312 1554 1386 expositum
1591 1321 1697 1370 est.
1741 1310 1908 1370 Alias
1937 1329 2100 1371 vero
2130 1321 2263 1386 post

265 1403 457 1476 ipsum
500 1400 765 1459 eiusdem
808 1401 1141 1476 argumenti
1183 1401 1405 1458 formas
1451 1400 1805 1460 invenerunt
1847 1401 2170 1459 Car-tesius
2210 1410 2265 1456 et

264 1489 547 1563 Leibni23
588 1488 665 1547 de
710 1489 922 1564 quibus
962 1490 1113 1548 haec
1152 1490 1430 1548 breviter.

385 1586 442 1645 S.
487 1585 789 1644 Anselmus
829 1587 916 1646 sic
956 1587 1368 1646 ratiocinatur:
1416 1587 1676 1645 Nomine
1717 1585 1834 1646 Dei
1879 1586 2260 1661 significatur

266 1674 345 1746 id,
390 1693 511 1748 quo
555 1676 741 1733 maius
784 1676 1031 1751 cogitari
1072 1675 1299 1751 nequit.
1371 1677 1553 1750 Atqui
1592 1674 1780 1735 maius
1807 1685 1912 1747 est,
1961 1675 2144 1750 quod
2173 1685 2260 1732 est

267 1763 328 1821 in
385 1763 685 1822 intellectu
741 1775 799 1823 et
854 1765 917 1822 in
971 1783 1036 1822 re
1056 1811 1069 1837 ,
1132 1783 1311 1840 quam
1369 1765 1536 1840 quod
1589 1774 1679 1823 est
1732 1764 1794 1822 in
1848 1764 1953 1822 illo
2000 1774 2252 1822 tantum.

268 1854 431 1929 Ergo
473 1854 637 1912 Deus
678 1863 767 1912 est
808 1853 986 1912 etiam
1029 1853 1091 1910 in
1134 1872 1216 1922 re,
1262 1854 1296 1911 i.
1344 1871 1394 1912 e.
1441 1854 1606 1912 Deus
1649 1853 1885 1912 exsistit.

395 1943 684 2001 Cartcsius
725 1962 868 2001 vero
912 1944 1031 2001 hoc
1072 1944 1234 2004 idem
1265 1953 1676 2018 argumentum
1705 1942 1791 2002 sic
1819 1944 2254 2019 exponendum

270 2050 397 2090 esse
440 2032 695 2107 putavit:
756 2032 1065 2107 Quidquid
1109 2032 1170 2090 in
1212 2032 1350 2091 idea
1391 2033 1554 2092 clara
1607 2042 1667 2091 et
1707 2032 1987 2091 distincta
2032 2032 2252 2091 obiecti

270 2120 513 2179 alicuius
544 2120 898 2192 continetur,
929 2120 1007 2179 de
1036 2122 1168 2197 ipso
1197 2122 1613 2182 affirmandum
1643 2132 1748 2179 est.
1805 2122 1992 2196 Atqui
2023 2121 2094 2179 in
2119 2121 2257 2179 idea

270 2211 430 2267 clara
450 2220 509 2267 et
527 2210 803 2269 distincta
833 2211 984 2269 entis
1012 2228 1242 2269 summe
1262 2211 1512 2285 perfecti
1541 2210 1877 2269 continetur
1907 2210 2255 2269 exsistentia

271 2298 411 2369 eiuS,
457 2316 625 2357 secus
668 2298 828 2357 enim
869 2317 995 2357 non
1040 2310 1194 2358 esset
1233 2316 1374 2358 vere
1417 2317 1645 2357 summe
1674 2300 2029 2374 perfectum.
2091 2301 2254 2375 Ergo
2326 2290 2327 2314 ³

272 2405 378 2445 ens
421 2406 646 2446 summe
691 2387 1020 2462 perfectum
1062 2387 1184 2446 sive
1229 2389 1393 2447 Deus
1435 2404 1644 2446 revera
1685 2388 1926 2447 exsistit.

397 2563 414 2595 ¹
452 2566 502 2615 S.
542 2567 826 2626 Anselmus,
880 2568 1139 2631 Aug-ustae
1178 2566 1461 2616 Praetoriae
1501 2562 1715 2630 (Aosta)
1755 2566 1808 2613 in
1848 2564 2038 2615 finibus
2080 2566 2252 2615 Italiae
2326 2556 2327 2595 l

273 2662 405 2693 anno
451 2658 581 2708 1033
623 2654 795 2705 natus,
848 2662 983 2695 anno
1030 2646 1164 2695 1060
1202 2645 1267 2694 ad
1303 2645 1660 2695 monasterium
1697 2646 1982 2705 Beccense‚
2041 2645 2254 2695 Ordinis

274 2726 323 2774 S.
364 2726 655 2786 Benedicti,
708 2742 761 2775 se
801 2726 1037 2787 contulit,
1089 2726 1177 2775 ubi
1215 2727 1351 2791 prior
1387 2726 1676 2775 monasterii
1714 2726 1930 2790 primum
1968 2726 2168 2776 electus
2204 2735 2251 2773 et

275 2805 459 2854 deinde
477 2844 488 2866 ,
541 2814 738 2855 mortuo
788 2807 996 2866 abbate,
1050 2808 1101 2855 in
1150 2807 1256 2856 eius
1300 2807 1468 2856 locum
1505 2806 1742 2855 suffectus
1781 2814 1874 2855 est.
1931 2807 2092 2856 Anno
2133 2823 2250 2856 vero

280 2898 412 2948 1093
470 2886 737 2953 episcopus
794 2887 1131 2937 Cantariensis
1186 2886 1448 2936 Ecclesiae
1503 2887 1694 2936 electus
1755 2894 1806 2935 et
1861 2886 2134 2936 sanctitate
2203 2896 2250 2936 et

275 2966 502 3015 doctrina
551 2976 602 3015 et
652 2968 760 3017 zelo
811 2968 1181 3017 ecclesiastieae
1233 2967 1530 3031 disciplinae
1580 2968 1793 3015 maxime
1839 2967 2033 3016 enituit.
2116 2968 2250 3017 Inter
2326 2963 2327 2989 ³

276 3047 460 3111 scripta
497 3048 601 3096 eius
640 3048 790 3107 haec,
844 3064 973 3113 quae
1010 3048 1075 3096 ad
1119 3048 1494 3113 philosophiam
1532 3048 1744 3096 maxime
1781 3055 2036 3112 spectant,
2093 3050 2247 3097 nomi·
2326 3061 2327 3103 ξ

276 3127 446 3174 nanda
482 3135 625 3175 sunt:
666 3127 912 3192 Dialogus
950 3129 1013 3177 de
1052 3129 1406 3193 grammatico;
1445 3155 1516 3161 —
1542 3127 1790 3192 Dialogus
1824 3128 1888 3177 de
1913 3129 2152 3187 veritate;
2179 3156 2244 3163 —
2326 3138 2327 3153 *

276 3207 616 3271 Monologium
630 3228 654 3267 ,·
678 3232 750 3241 —
775 3208 1086 3273 Proslogium
1127 3205 1205 3271 (in
1236 3224 1336 3272 quo
1361 3208 1462 3257 hoc
1486 3216 1835 3273 argumentum
1861 3206 2152 3273 exposuit);
2180 3236 2246 3244 —
2326 3218 2327 3269 ᾗ

276 3285 436 3334 Liber
460 3287 807 3351 apologeticus
833 3298 1009 3337 contra
1033 3287 1384 3351 insipientem;
1411 3313 1483 3323 -—-
1505 3289 1588 3337 De
1613 3288 1776 3337 libero
1803 3288 2043 3348 arbitrio;
2072 3315 2143 3325 -
2166 3292 2244 3340 De

278 3365 548 3411 concordia
566 3366 926 3428 praescientiae
947 3383 1059 3416 cum
1080 3367 1244 3416 libero
1270 3368 1506 3427 arbitri03
1535 3368 1647 3419 alia.
1669 3394 1740 3402 ——
1760 3367 1902 3418 Obiit
1929 3386 2064 3419 anno
2097 3384 2118 3418 1
2135 3384 2240 3432 109-
