<?xml version="1.0" encoding="UTF-8"?>
<!DOCTYPE html PUBLIC "-//W3C//DTD XHTML 1.0 Transitional//EN"
    "http://www.w3.org/TR/xhtml1/DTD/xhtml1-transitional.dtd">
<html xmlns="http://www.w3.org/1999/xhtml" xml:lang="en" lang="en">
 <head>
  <title>
</title>
<meta http-equiv="Content-Type" content="text/html;charset=utf-8" />
  <meta name='ocr-system' content='tesseract 3.04.00' />
  <meta name='ocr-capabilities' content='ocr_page ocr_carea ocr_par ocr_line ocrx_word'/>
</head>
<body>
  <div class='ocr_page' id='page_1' title='image "./elementaphiloso01reingoog_0262.png"; bbox 0 0 2367 3850; ppageno 0'>
   <div class='ocr_carea' id='block_1_1' title="bbox 1303 0 2348 121">
    <p class='ocr_par' dir='ltr' id='par_1_1' title="bbox 1303 0 2348 121">
     <span class='ocr_line' id='line_1_1' title="bbox 1303 0 2348 121; baseline -0.001 -97"><span class='ocrx_word' id='word_1_1' title='bbox 1303 1 1322 12; x_wconf 55' lang='lat'><strong>⁷·</strong></span> <span class='ocrx_word' id='word_1_2' title='bbox 1379 0 1412 7; x_wconf 64' lang='lat'><strong>&#39;⁷⁷</strong></span> <span class='ocrx_word' id='word_1_3' title='bbox 1453 0 2320 121; x_wconf 49' lang='lat' dir='ltr'><strong>T”&#39;⁶*Twww</strong></span> <span class='ocrx_word' id='word_1_4' title='bbox 2347 0 2348 12; x_wconf 66' lang='lat'><strong>³</strong></span> 
     </span>
    </p>
   </div>
   <div class='ocr_carea' id='block_1_2' title="bbox 277 212 1615 272">
    <p class='ocr_par' dir='ltr' id='par_1_2' title="bbox 277 212 1615 272">
     <span class='ocr_line' id='line_1_2' title="bbox 277 212 1615 272; baseline 0 -14"><span class='ocrx_word' id='word_1_5' title='bbox 277 212 380 272; x_wconf 88' lang='lat'><strong>236</strong></span> <span class='ocrx_word' id='word_1_6' title='bbox 903 221 1235 258; x_wconf 71' lang='lat' dir='ltr'><strong>‘rflssoLomA</strong></span> <span class='ocrx_word' id='word_1_7' title='bbox 1273 221 1426 258; x_wconf 70' lang='lat' dir='ltr'><strong>NATu</strong></span> <span class='ocrx_word' id='word_1_8' title='bbox 1436 222 1615 258; x_wconf 63' lang='lat' dir='ltr'><strong>mus,</strong></span> 
     </span>
    </p>
   </div>
   <div class='ocr_carea' id='block_1_3' title="bbox 273 368 2245 607">
    <p class='ocr_par' dir='ltr' id='par_1_3' title="bbox 273 368 2245 607">
     <span class='ocr_line' id='line_1_3' title="bbox 274 368 2245 446; baseline -0.003 -18"><span class='ocrx_word' id='word_1_9' title='bbox 274 370 416 445; x_wconf 87' lang='lat' dir='ltr'><strong>quia</strong></span> <span class='ocrx_word' id='word_1_10' title='bbox 455 371 678 428; x_wconf 88' lang='lat' dir='ltr'><strong>nullam</strong></span> <span class='ocrx_word' id='word_1_11' title='bbox 720 371 1048 446; x_wconf 88' lang='lat' dir='ltr'><strong>reperimus</strong></span> <span class='ocrx_word' id='word_1_12' title='bbox 1089 369 1498 429; x_wconf 84' lang='lat' dir='ltr'><strong>difficultatem</strong></span> <span class='ocrx_word' id='word_1_13' title='bbox 1525 369 1895 428; x_wconf 89' lang='lat' dir='ltr'><strong>conciliandi</strong></span> <span class='ocrx_word' id='word_1_14' title='bbox 1925 368 2245 426; x_wconf 88' lang='lat' dir='ltr'><strong>libertatem</strong></span> 
     </span>
     <span class='ocr_line' id='line_1_4' title="bbox 273 456 2243 534; baseline -0.002 -17"><span class='ocrx_word' id='word_1_15' title='bbox 273 469 454 531; x_wconf 77' lang='lat' dir='ltr'><strong>actuS,</strong></span> <span class='ocrx_word' id='word_1_16' title='bbox 500 477 680 534; x_wconf 87' lang='lat' dir='ltr'><strong>quern</strong></span> <span class='ocrx_word' id='word_1_17' title='bbox 723 459 784 516; x_wconf 88' lang='lat' dir='ltr'><strong>in</strong></span> <span class='ocrx_word' id='word_1_18' title='bbox 826 458 1128 534; x_wconf 84' lang='lat' dir='ltr'><strong>praesenti</strong></span> <span class='ocrx_word' id='word_1_19' title='bbox 1159 458 1289 518; x_wconf 90' lang='lat' dir='ltr'><strong>fieri</strong></span> <span class='ocrx_word' id='word_1_20' title='bbox 1316 459 1629 531; x_wconf 89' lang='lat' dir='ltr'><strong>intuemur,</strong></span> <span class='ocrx_word' id='word_1_21' title='bbox 1674 477 1811 519; x_wconf 89' lang='lat' dir='ltr'><strong>cum</strong></span> <span class='ocrx_word' id='word_1_22' title='bbox 1838 456 2243 516; x_wconf 83' lang='lat' dir='ltr'><strong>infallibilitate</strong></span> 
     </span>
     <span class='ocr_line' id='line_1_5' title="bbox 274 547 817 607; baseline 0 -1"><span class='ocrx_word' id='word_1_23' title='bbox 274 557 514 607; x_wconf 89' lang='lat' dir='ltr'><strong>nostrae</strong></span> <span class='ocrx_word' id='word_1_24' title='bbox 555 547 817 607; x_wconf 89' lang='lat' dir='ltr'><strong>visionis.</strong></span> 
     </span>
    </p>
   </div>
   <div class='ocr_carea' id='block_1_4' title="bbox 265 643 2253 2785">
    <p class='ocr_par' dir='ltr' id='par_1_4' title="bbox 273 643 2253 1168">
     <span class='ocr_line' id='line_1_6' title="bbox 391 643 2247 722; baseline -0.001 -18"><span class='ocrx_word' id='word_1_25' title='bbox 391 645 587 705; x_wconf 84' lang='lat' dir='ltr'><strong>Valde</strong></span> <span class='ocrx_word' id='word_1_26' title='bbox 631 655 826 706; x_wconf 86' lang='lat' dir='ltr'><strong>autem</strong></span> <span class='ocrx_word' id='word_1_27' title='bbox 867 646 1215 722; x_wconf 88' lang='lat' dir='ltr'><strong>imprudens</strong></span> <span class='ocrx_word' id='word_1_28' title='bbox 1258 655 1413 704; x_wconf 92' lang='lat' dir='ltr'><strong>esset</strong></span> <span class='ocrx_word' id='word_1_29' title='bbox 1452 645 1550 704; x_wconf 92' lang='lat' dir='ltr'><strong>ille</strong></span> <span class='ocrx_word' id='word_1_30' title='bbox 1574 691 1587 717; x_wconf 96' lang='lat'><em>,</em></span> <span class='ocrx_word' id='word_1_31' title='bbox 1646 645 1781 720; x_wconf 90' lang='lat' dir='ltr'><strong>qui,</strong></span> <span class='ocrx_word' id='word_1_32' title='bbox 1830 663 1977 704; x_wconf 90' lang='lat' dir='ltr'><strong>cum</strong></span> <span class='ocrx_word' id='word_1_33' title='bbox 2020 643 2247 702; x_wconf 84' lang='lat' dir='ltr'><strong>aliunde</strong></span> 
     </span>
     <span class='ocr_line' id='line_1_7' title="bbox 273 733 2251 799; baseline -0.001 -6"><span class='ocrx_word' id='word_1_34' title='bbox 273 737 492 794; x_wconf 87' lang='lat' dir='ltr'><strong>habeat</strong></span> <span class='ocrx_word' id='word_1_35' title='bbox 533 735 952 795; x_wconf 83' lang='lat' dir='ltr'><strong>certitudinem</strong></span> <span class='ocrx_word' id='word_1_36' title='bbox 993 735 1156 794; x_wconf 89' lang='lat' dir='ltr'><strong>circa</strong></span> <span class='ocrx_word' id='word_1_37' title='bbox 1198 735 1597 794; x_wconf 86' lang='lat' dir='ltr'><strong>exsistentiam</strong></span> <span class='ocrx_word' id='word_1_38' title='bbox 1619 760 1628 768; x_wconf 38' lang='lat' dir='ltr'>v</span> <span class='ocrx_word' id='word_1_39' title='bbox 1652 735 1951 799; x_wconf 73' lang='lat' dir='ltr'><strong>libertatis,</strong></span> <span class='ocrx_word' id='word_1_40' title='bbox 2002 733 2251 792; x_wconf 88' lang='lat' dir='ltr'><strong>hominis</strong></span> 
     </span>
     <span class='ocr_line' id='line_1_8' title="bbox 273 824 2249 900; baseline -0.003 -16"><span class='ocrx_word' id='word_1_41' title='bbox 273 836 333 884; x_wconf 91' lang='lat' dir='ltr'><strong>et</strong></span> <span class='ocrx_word' id='word_1_42' title='bbox 388 825 551 884; x_wconf 88' lang='lat' dir='ltr'><strong>circa</strong></span> <span class='ocrx_word' id='word_1_43' title='bbox 605 825 897 884; x_wconf 88' lang='lat' dir='ltr'><strong>infinitam</strong></span> <span class='ocrx_word' id='word_1_44' title='bbox 951 824 1261 884; x_wconf 86' lang='lat' dir='ltr'><strong>scientiam</strong></span> <span class='ocrx_word' id='word_1_45' title='bbox 1316 825 1433 884; x_wconf 90' lang='lat' dir='ltr'><strong>Dei</strong></span> <span class='ocrx_word' id='word_1_46' title='bbox 1488 826 1683 884; x_wconf 84' lang='lat' dir='ltr'><strong>futura</strong></span> <span class='ocrx_word' id='word_1_47' title='bbox 1736 825 1929 884; x_wconf 84' lang='lat' dir='ltr'><strong>libera</strong></span> <span class='ocrx_word' id='word_1_48' title='bbox 1990 824 2249 900; x_wconf 85' lang='lat' dir='ltr'><strong>perfecte</strong></span> 
     </span>
     <span class='ocr_line' id='line_1_9' title="bbox 273 913 2253 991; baseline -0.002 -17"><span class='ocrx_word' id='word_1_49' title='bbox 273 914 692 990; x_wconf 88' lang='lat' dir='ltr'><strong>cognoscentis</strong></span> <span class='ocrx_word' id='word_1_50' title='bbox 708 961 722 986; x_wconf 92' lang='lat'>,</span> <span class='ocrx_word' id='word_1_51' title='bbox 768 922 1012 991; x_wconf 79' lang='lat' dir='ltr'><strong>propter</strong></span> <span class='ocrx_word' id='word_1_52' title='bbox 1057 915 1453 990; x_wconf 70' lang='lat' dir='ltr'><strong>difficultatem</strong></span> <span class='ocrx_word' id='word_1_53' title='bbox 1507 917 1660 974; x_wconf 88' lang='lat' dir='ltr'><strong>haec</strong></span> <span class='ocrx_word' id='word_1_54' title='bbox 1713 915 1835 974; x_wconf 88' lang='lat' dir='ltr'><strong>duo</strong></span> <span class='ocrx_word' id='word_1_55' title='bbox 1888 913 2253 974; x_wconf 89' lang='lat' dir='ltr'><strong>conciliandi</strong></span> 
     </span>
     <span class='ocr_line' id='line_1_10' title="bbox 275 1003 2249 1079; baseline -0.001 -18"><span class='ocrx_word' id='word_1_56' title='bbox 275 1003 572 1063; x_wconf 87' lang='lat' dir='ltr'><strong>dubitaret</strong></span> <span class='ocrx_word' id='word_1_57' title='bbox 625 1005 722 1062; x_wconf 91' lang='lat' dir='ltr'><strong>vel</strong></span> <span class='ocrx_word' id='word_1_58' title='bbox 777 1004 958 1064; x_wconf 89' lang='lat' dir='ltr'><strong>etiam</strong></span> <span class='ocrx_word' id='word_1_59' title='bbox 1013 1004 1368 1063; x_wconf 89' lang='lat' dir='ltr'><strong>libertatem·</strong></span> <span class='ocrx_word' id='word_1_60' title='bbox 1404 1003 1663 1063; x_wconf 89' lang='lat' dir='ltr'><strong>hominis</strong></span> <span class='ocrx_word' id='word_1_61' title='bbox 1706 1014 1805 1062; x_wconf 88' lang='lat' dir='ltr'><strong>aut</strong></span> <span class='ocrx_word' id='word_1_62' title='bbox 1844 1003 2249 1079; x_wconf 88' lang='lat' dir='ltr'><strong>cognitionem</strong></span> 
     </span>
     <span class='ocr_line' id='line_1_11' title="bbox 275 1093 744 1168; baseline 0 -16"><span class='ocrx_word' id='word_1_63' title='bbox 275 1093 392 1154; x_wconf 90' lang='lat' dir='ltr'><strong>Dei</strong></span> <span class='ocrx_word' id='word_1_64' title='bbox 434 1104 684 1168; x_wconf 86' lang='lat' dir='ltr'><strong>negaret</strong></span> <span class='ocrx_word' id='word_1_65' title='bbox 711 1095 744 1152; x_wconf 91' lang='lat'><strong>¹.</strong></span> 
     </span>
    </p>

    <p class='ocr_par' dir='ltr' id='par_1_5' title="bbox 265 1188 2251 2785">
     <span class='ocr_line' id='line_1_12' title="bbox 399 1188 2251 1266; baseline -0.003 -16"><span class='ocrx_word' id='word_1_66' title='bbox 399 1192 572 1265; x_wconf 87' lang='lat' dir='ltr'><strong>Quae</strong></span> <span class='ocrx_word' id='word_1_67' title='bbox 613 1209 752 1250; x_wconf 90' lang='lat' dir='ltr'><strong>cum</strong></span> <span class='ocrx_word' id='word_1_68' title='bbox 793 1191 874 1250; x_wconf 88' lang='lat' dir='ltr'><strong>ita</strong></span> <span class='ocrx_word' id='word_1_69' title='bbox 915 1191 1046 1262; x_wconf 89' lang='lat' dir='ltr'><strong>sint,</strong></span> <span class='ocrx_word' id='word_1_70' title='bbox 1097 1192 1159 1249; x_wconf 91' lang='lat' dir='ltr'><strong>in</strong></span> <span class='ocrx_word' id='word_1_71' title='bbox 1201 1191 1629 1266; x_wconf 82' lang='lat' dir='ltr'><strong>investigandis</strong></span> <span class='ocrx_word' id='word_1_72' title='bbox 1671 1192 1849 1250; x_wconf 91' lang='lat' dir='ltr'><strong>rebus</strong></span> <span class='ocrx_word' id='word_1_73' title='bbox 1889 1200 2016 1248; x_wconf 89' lang='lat' dir='ltr'><strong>tam</strong></span> <span class='ocrx_word' id='word_1_74' title='bbox 2060 1188 2251 1248; x_wconf 85' lang='lat' dir='ltr'><strong>arduis</strong></span> 
     </span>
     <span class='ocr_line' id='line_1_13' title="bbox 277 1279 2251 1357; baseline -0.002 -19"><span class='ocrx_word' id='word_1_75' title='bbox 277 1298 596 1355; x_wconf 89' lang='lat' dir='ltr'><strong>sequamur</strong></span> <span class='ocrx_word' id='word_1_76' title='bbox 651 1299 892 1356; x_wconf 89' lang='lat' dir='ltr'><strong>semper</strong></span> <span class='ocrx_word' id='word_1_77' title='bbox 949 1280 1327 1357; x_wconf 90' lang='lat' dir='ltr'><strong>praeclarum</strong></span> <span class='ocrx_word' id='word_1_78' title='bbox 1380 1281 1526 1339; x_wconf 92' lang='lat' dir='ltr'><strong>illud</strong></span> <span class='ocrx_word' id='word_1_79' title='bbox 1582 1281 1763 1339; x_wconf 89' lang='lat' dir='ltr'><strong>Card.</strong></span> <span class='ocrx_word' id='word_1_80' title='bbox 1820 1279 2081 1355; x_wconf 90' lang='lat' dir='ltr'><strong>Zigliara</strong></span> <span class='ocrx_word' id='word_1_81' title='bbox 2135 1296 2251 1335; x_wconf 89' lang='lat' dir='ltr'><strong>mo·</strong></span> 
     </span>
     <span class='ocr_line' id='line_1_14' title="bbox 277 1368 2249 1446; baseline -0.002 -20"><span class='ocrx_word' id='word_1_82' title='bbox 277 1369 498 1427; x_wconf 90' lang='lat' dir='ltr'><strong>nitum:</strong></span> <span class='ocrx_word' id='word_1_83' title='bbox 547 1370 864 1428; x_wconf 69' lang='lat' dir='ltr'><strong>«Ceterum</strong></span> <span class='ocrx_word' id='word_1_84' title='bbox 906 1371 969 1428; x_wconf 91' lang='lat' dir='ltr'><strong>in</strong></span> <span class='ocrx_word' id='word_1_85' title='bbox 1005 1369 1419 1446; x_wconf 88' lang='lat' dir='ltr'><strong>investiganda</strong></span> <span class='ocrx_word' id='word_1_86' title='bbox 1447 1369 1723 1429; x_wconf 86' lang='lat' dir='ltr'><strong>doctrina</strong></span> <span class='ocrx_word' id='word_1_87' title='bbox 1750 1370 1828 1429; x_wconf 92' lang='lat' dir='ltr'><strong>de</strong></span> <span class='ocrx_word' id='word_1_88' title='bbox 1856 1368 2249 1444; x_wconf 88' lang='lat' dir='ltr'><strong>praescientia</strong></span> 
     </span>
     <span class='ocr_line' id='line_1_15' title="bbox 277 1458 2249 1530; baseline -0.002 -13"><span class='ocrx_word' id='word_1_89' title='bbox 277 1459 509 1530; x_wconf 89' lang='lat' dir='ltr'><strong>divina,</strong></span> <span class='ocrx_word' id='word_1_90' title='bbox 568 1475 809 1518; x_wconf 88' lang='lat' dir='ltr'><strong>necnon</strong></span> <span class='ocrx_word' id='word_1_91' title='bbox 866 1459 944 1518; x_wconf 92' lang='lat' dir='ltr'><strong>de</strong></span> <span class='ocrx_word' id='word_1_92' title='bbox 1001 1459 1223 1517; x_wconf 86' lang='lat' dir='ltr'><strong>influxu</strong></span> <span class='ocrx_word' id='word_1_93' title='bbox 1264 1459 1381 1518; x_wconf 94' lang='lat' dir='ltr'><strong>Dei</strong></span> <span class='ocrx_word' id='word_1_94' title='bbox 1436 1458 1499 1517; x_wconf 90' lang='lat' dir='ltr'><strong>in</strong></span> <span class='ocrx_word' id='word_1_95' title='bbox 1556 1469 1885 1530; x_wconf 87' lang='lat' dir='ltr'><strong>creaturas,</strong></span> <span class='ocrx_word' id='word_1_96' title='bbox 1948 1466 2249 1516; x_wconf 89' lang='lat' dir='ltr'><strong>memento</strong></span> 
     </span>
     <span class='ocr_line' id='line_1_16' title="bbox 276 1547 2247 1624; baseline -0.001 -20"><span class='ocrx_word' id='word_1_97' title='bbox 276 1547 428 1606; x_wconf 91' lang='lat' dir='ltr'><strong>illius</strong></span> <span class='ocrx_word' id='word_1_98' title='bbox 471 1548 638 1607; x_wconf 90' lang='lat' dir='ltr'><strong>Pauli</strong></span> <span class='ocrx_word' id='word_1_99' title='bbox 679 1548 759 1607; x_wconf 92' lang='lat' dir='ltr'><strong>ad</strong></span> <span class='ocrx_word' id='word_1_100' title='bbox 799 1551 978 1607; x_wconf 87' lang='lat' dir='ltr'><strong>Rom.</strong></span> <span class='ocrx_word' id='word_1_101' title='bbox 1031 1569 1056 1606; x_wconf 95' lang='lat'>1</span> <span class='ocrx_word' id='word_1_102' title='bbox 1071 1569 1096 1606; x_wconf 95' lang='lat'>1</span> <span class='ocrx_word' id='word_1_103' title='bbox 1117 1593 1132 1620; x_wconf 92' lang='lat'><em>,</em></span> <span class='ocrx_word' id='word_1_104' title='bbox 1179 1564 1289 1624; x_wconf 88' lang='lat'><strong>33:</strong></span> <span class='ocrx_word' id='word_1_105' title='bbox 1352 1549 1431 1620; x_wconf 86' lang='grc' dir='ltr'><strong>,Ο</strong></span> <span class='ocrx_word' id='word_1_106' title='bbox 1486 1549 1729 1606; x_wconf 83' lang='lat' dir='ltr'><strong>altitudo</strong></span> <span class='ocrx_word' id='word_1_107' title='bbox 1781 1549 2117 1607; x_wconf 76' lang='lat' dir='ltr'><strong>divitiarum</strong></span> <span class='ocrx_word' id='word_1_108' title='bbox 2168 1565 2247 1603; x_wconf 88' lang='lat' dir='ltr'><strong>sa·</strong></span> 
     </span>
     <span class='ocr_line' id='line_1_17' title="bbox 265 1637 2247 1714; baseline -0.001 -20"><span class='ocrx_word' id='word_1_109' title='bbox 265 1639 521 1714; x_wconf 81' lang='lat' dir='ltr'><strong>pientiae</strong></span> <span class='ocrx_word' id='word_1_110' title='bbox 561 1645 617 1695; x_wconf 86' lang='lat' dir='ltr'><strong>et</strong></span> <span class='ocrx_word' id='word_1_111' title='bbox 653 1640 914 1696; x_wconf 83' lang='lat' dir='ltr'><strong>scientiae</strong></span> <span class='ocrx_word' id='word_1_112' title='bbox 954 1639 1108 1696; x_wconf 89' lang='lat' dir='ltr'><strong>Dei:</strong></span> <span class='ocrx_word' id='word_1_113' title='bbox 1159 1657 1333 1713; x_wconf 79' lang='lat' dir='ltr'><strong>quam</strong></span> <span class='ocrx_word' id='word_1_114' title='bbox 1372 1639 1946 1714; x_wconf 76' lang='lat' dir='ltr'><strong>incomprehensibilia</strong></span> <span class='ocrx_word' id='word_1_115' title='bbox 1988 1643 2125 1695; x_wconf 81' lang='lat' dir='ltr'><strong>sunt</strong></span> <span class='ocrx_word' id='word_1_116' title='bbox 2172 1637 2247 1692; x_wconf 83' lang='lat' dir='ltr'><strong>iu-</strong></span> 
     </span>
     <span class='ocr_line' id='line_1_18' title="bbox 275 1725 2243 1802; baseline -0.001 -19"><span class='ocrx_word' id='word_1_117' title='bbox 275 1727 420 1784; x_wconf 87' lang='lat' dir='ltr'><strong>dicia</strong></span> <span class='ocrx_word' id='word_1_118' title='bbox 461 1729 578 1785; x_wconf 86' lang='lat' dir='ltr'><strong>eius</strong></span> <span class='ocrx_word' id='word_1_119' title='bbox 619 1735 674 1784; x_wconf 87' lang='lat' dir='ltr'><strong>et</strong></span> <span class='ocrx_word' id='word_1_120' title='bbox 711 1728 1122 1801; x_wconf 82' lang='lat' dir='ltr'><strong>investigabiles</strong></span> <span class='ocrx_word' id='word_1_121' title='bbox 1161 1729 1291 1786; x_wconf 79' lang='lat' dir='ltr'><strong>viae</strong></span> <span class='ocrx_word' id='word_1_122' title='bbox 1347 1728 1465 1785; x_wconf 85' lang='lat' dir='ltr'><strong>eius</strong></span> <span class='ocrx_word' id='word_1_123' title='bbox 1476 1727 1517 1784; x_wconf 79' lang='lat' dir='ltr'><strong>l‘</strong></span> <span class='ocrx_word' id='word_1_124' title='bbox 1602 1727 1777 1800; x_wconf 83' lang='lat' dir='ltr'><strong>Quae</strong></span> <span class='ocrx_word' id='word_1_125' title='bbox 1832 1745 1979 1802; x_wconf 88' lang='lat' dir='ltr'><strong>ergo</strong></span> <span class='ocrx_word' id='word_1_126' title='bbox 2028 1725 2243 1784; x_wconf 88' lang='lat' dir='ltr'><strong>incom-</strong></span> 
     </span>
     <span class='ocr_line' id='line_1_19' title="bbox 276 1816 2243 1892; baseline 0 -20"><span class='ocrx_word' id='word_1_127' title='bbox 276 1816 701 1891; x_wconf 88' lang='lat' dir='ltr'><strong>prehensibilia</strong></span> <span class='ocrx_word' id='word_1_128' title='bbox 730 1819 940 1875; x_wconf 88' lang='lat' dir='ltr'><strong>Paulus</strong></span> <span class='ocrx_word' id='word_1_129' title='bbox 981 1816 1331 1892; x_wconf 87' lang='lat' dir='ltr'><strong>proclamat,</strong></span> <span class='ocrx_word' id='word_1_130' title='bbox 1375 1817 1893 1892; x_wconf 88' lang='lat' dir='ltr'><strong>comprehendere</strong></span> <span class='ocrx_word' id='word_1_131' title='bbox 1932 1835 2057 1875; x_wconf 93' lang='lat' dir='ltr'><strong>non</strong></span> <span class='ocrx_word' id='word_1_132' title='bbox 2085 1831 2243 1891; x_wconf 84' lang='lat' dir='ltr'><strong>prae-</strong></span> 
     </span>
     <span class='ocr_line' id='line_1_20' title="bbox 276 1905 2241 1982; baseline -0.002 -19"><span class='ocrx_word' id='word_1_133' title='bbox 276 1921 501 1964; x_wconf 87' lang='lat' dir='ltr'><strong>sumas:</strong></span> <span class='ocrx_word' id='word_1_134' title='bbox 547 1906 654 1965; x_wconf 88' lang='lat' dir='ltr'><strong>sed</strong></span> <span class='ocrx_word' id='word_1_135' title='bbox 696 1906 877 1965; x_wconf 92' lang='lat' dir='ltr'><strong>crede</strong></span> <span class='ocrx_word' id='word_1_136' title='bbox 918 1906 1209 1982; x_wconf 91' lang='lat' dir='ltr'><strong>imprimis</strong></span> <span class='ocrx_word' id='word_1_137' title='bbox 1238 1915 1298 1965; x_wconf 89' lang='lat' dir='ltr'><strong>et</strong></span> <span class='ocrx_word' id='word_1_138' title='bbox 1325 1905 1512 1965; x_wconf 90' lang='lat' dir='ltr'><strong>adora</strong></span> <span class='ocrx_word' id='word_1_139' title='bbox 1536 1905 1913 1982; x_wconf 81' lang='lat' dir='ltr'><strong>mysterium:</strong></span> <span class='ocrx_word' id='word_1_140' title='bbox 1956 1915 2015 1965; x_wconf 89' lang='lat' dir='ltr'><strong>et</strong></span> <span class='ocrx_word' id='word_1_141' title='bbox 2043 1914 2241 1982; x_wconf 88' lang='lat' dir='ltr'><strong>postea</strong></span> 
     </span>
     <span class='ocr_line' id='line_1_21' title="bbox 277 1995 2239 2069; baseline 0 -18"><span class='ocrx_word' id='word_1_142' title='bbox 277 1996 650 2066; x_wconf 89' lang='lat' dir='ltr'><strong>ratiocinare,</strong></span> <span class='ocrx_word' id='word_1_143' title='bbox 695 2014 818 2053; x_wconf 89' lang='lat' dir='ltr'><strong>non</strong></span> <span class='ocrx_word' id='word_1_144' title='bbox 859 2005 923 2053; x_wconf 89' lang='lat' dir='ltr'><strong>ut</strong></span> <span class='ocrx_word' id='word_1_145' title='bbox 965 1996 1254 2055; x_wconf 89' lang='lat' dir='ltr'><strong>abscedas</strong></span> <span class='ocrx_word' id='word_1_146' title='bbox 1294 2016 1333 2053; x_wconf 90' lang='lat' dir='ltr'><strong>a</strong></span> <span class='ocrx_word' id='word_1_147' title='bbox 1372 1996 1507 2068; x_wconf 88' lang='lat' dir='ltr'><strong>fide,</strong></span> <span class='ocrx_word' id='word_1_148' title='bbox 1552 1996 1659 2054; x_wconf 88' lang='lat' dir='ltr'><strong>sed</strong></span> <span class='ocrx_word' id='word_1_149' title='bbox 1700 2006 1763 2055; x_wconf 90' lang='lat' dir='ltr'><strong>ut</strong></span> <span class='ocrx_word' id='word_1_150' title='bbox 1802 1995 1866 2053; x_wconf 90' lang='lat' dir='ltr'><strong>in</strong></span> <span class='ocrx_word' id='word_1_151' title='bbox 1906 1996 2023 2055; x_wconf 90' lang='lat' dir='ltr'><strong>fide</strong></span> <span class='ocrx_word' id='word_1_152' title='bbox 2061 1995 2239 2069; x_wconf 87' lang='lat' dir='ltr'><strong>magis</strong></span> 
     </span>
     <span class='ocr_line' id='line_1_22' title="bbox 280 2084 2241 2161; baseline -0.001 -19"><span class='ocrx_word' id='word_1_153' title='bbox 280 2101 651 2158; x_wconf 88' lang='lat' dir='ltr'><strong>permaneas,</strong></span> <span class='ocrx_word' id='word_1_154' title='bbox 696 2104 822 2143; x_wconf 90' lang='lat' dir='ltr'><strong>non</strong></span> <span class='ocrx_word' id='word_1_155' title='bbox 851 2084 929 2143; x_wconf 87' lang='lat' dir='ltr'><strong>ad</strong></span> <span class='ocrx_word' id='word_1_156' title='bbox 958 2084 1301 2161; x_wconf 90' lang='lat' dir='ltr'><strong>mysterium</strong></span> <span class='ocrx_word' id='word_1_157' title='bbox 1330 2084 1789 2160; x_wconf 84' lang='lat' dir='ltr'><strong>penetrandum,</strong></span> <span class='ocrx_word' id='word_1_158' title='bbox 1818 2085 1927 2144; x_wconf 90' lang='lat' dir='ltr'><strong>sed</strong></span> <span class='ocrx_word' id='word_1_159' title='bbox 1954 2085 2032 2143; x_wconf 87' lang='lat' dir='ltr'><strong>ad</strong></span> <span class='ocrx_word' id='word_1_160' title='bbox 2058 2085 2241 2161; x_wconf 90' lang='lat' dir='ltr'><strong>ipsum</strong></span> 
     </span>
     <span class='ocr_line' id='line_1_23' title="bbox 278 2173 2242 2250; baseline 0 -19"><span class='ocrx_word' id='word_1_161' title='bbox 278 2173 731 2233; x_wconf 90' lang='lat' dir='ltr'><strong>defendendum</strong></span> <span class='ocrx_word' id='word_1_162' title='bbox 774 2175 850 2233; x_wconf 91' lang='lat' dir='ltr'><strong>ab</strong></span> <span class='ocrx_word' id='word_1_163' title='bbox 893 2174 1440 2250; x_wconf 87' lang='lat' dir='ltr'><strong>impugnationibus</strong></span> <span class='ocrx_word' id='word_1_164' title='bbox 1479 2174 1713 2232; x_wconf 86' lang='lat' dir='ltr'><strong>illorum</strong></span> <span class='ocrx_word' id='word_1_165' title='bbox 1730 2219 1746 2245; x_wconf 90' lang='lat'><em>,</em></span> <span class='ocrx_word' id='word_1_166' title='bbox 1808 2174 1911 2249; x_wconf 91' lang='lat' dir='ltr'><strong>qui</strong></span> <span class='ocrx_word' id='word_1_167' title='bbox 1964 2193 2088 2233; x_wconf 91' lang='lat' dir='ltr'><strong>non</strong></span> <span class='ocrx_word' id='word_1_168' title='bbox 2129 2191 2242 2232; x_wconf 89' lang='lat' dir='ltr'><strong>cre-</strong></span> 
     </span>
     <span class='ocr_line' id='line_1_24' title="bbox 277 2262 2241 2338; baseline -0.001 -17"><span class='ocrx_word' id='word_1_169' title='bbox 277 2264 441 2321; x_wconf 88' lang='lat' dir='ltr'><strong>dunt.</strong></span> <span class='ocrx_word' id='word_1_170' title='bbox 527 2265 618 2320; x_wconf 87' lang='lat' dir='ltr'><strong>Ex</strong></span> <span class='ocrx_word' id='word_1_171' title='bbox 677 2264 983 2323; x_wconf 88' lang='lat' dir='ltr'><strong>sententiis</strong></span> <span class='ocrx_word' id='word_1_172' title='bbox 1041 2272 1241 2322; x_wconf 90' lang='lat' dir='ltr'><strong>autem</strong></span> <span class='ocrx_word' id='word_1_173' title='bbox 1261 2308 1275 2335; x_wconf 92' lang='lat'><em>,</em></span> <span class='ocrx_word' id='word_1_174' title='bbox 1339 2281 1493 2338; x_wconf 90' lang='lat' dir='ltr'><strong>quae</strong></span> <span class='ocrx_word' id='word_1_175' title='bbox 1548 2264 1734 2335; x_wconf 86' lang='lat' dir='ltr'><strong>libere</strong></span> <span class='ocrx_word' id='word_1_176' title='bbox 1790 2262 1852 2322; x_wconf 91' lang='lat' dir='ltr'><strong>in</strong></span> <span class='ocrx_word' id='word_1_177' title='bbox 1896 2262 2241 2323; x_wconf 87' lang='lat' dir='ltr'><strong>contrariam</strong></span> 
     </span>
     <span class='ocr_line' id='line_1_25' title="bbox 277 2350 2239 2429; baseline -0.003 -18"><span class='ocrx_word' id='word_1_178' title='bbox 277 2362 508 2427; x_wconf 89' lang='lat' dir='ltr'><strong>partem</strong></span> <span class='ocrx_word' id='word_1_179' title='bbox 553 2354 846 2427; x_wconf 89' lang='lat' dir='ltr'><strong>agitantur</strong></span> <span class='ocrx_word' id='word_1_180' title='bbox 889 2353 1045 2412; x_wconf 87' lang='lat' dir='ltr'><strong>inter</strong></span> <span class='ocrx_word' id='word_1_181' title='bbox 1085 2352 1445 2425; x_wconf 80' lang='lat' dir='ltr'><strong>catholicOS,</strong></span> <span class='ocrx_word' id='word_1_182' title='bbox 1502 2363 1640 2411; x_wconf 90' lang='lat' dir='ltr'><strong>tene</strong></span> <span class='ocrx_word' id='word_1_183' title='bbox 1697 2371 1853 2429; x_wconf 86' lang='lat' dir='ltr'><strong>quae</strong></span> <span class='ocrx_word' id='word_1_184' title='bbox 1910 2353 2095 2429; x_wconf 89' lang='lat' dir='ltr'><strong>magis</strong></span> <span class='ocrx_word' id='word_1_185' title='bbox 2146 2350 2239 2410; x_wconf 89' lang='lat' dir='ltr'><strong>tibi</strong></span> 
     </span>
     <span class='ocr_line' id='line_1_26' title="bbox 280 2442 2242 2518; baseline -0.001 -19"><span class='ocrx_word' id='word_1_186' title='bbox 280 2442 606 2500; x_wconf 89' lang='lat' dir='ltr'><strong>conformis</strong></span> <span class='ocrx_word' id='word_1_187' title='bbox 649 2442 864 2500; x_wconf 89' lang='lat' dir='ltr'><strong>rationi</strong></span> <span class='ocrx_word' id='word_1_188' title='bbox 904 2442 1171 2518; x_wconf 74' lang='lat' dir='ltr'><strong>videtur3</strong></span> <span class='ocrx_word' id='word_1_189' title='bbox 1213 2443 1321 2501; x_wconf 91' lang='lat' dir='ltr'><strong>sed</strong></span> <span class='ocrx_word' id='word_1_190' title='bbox 1351 2451 1561 2501; x_wconf 87' lang='lat' dir='ltr'><strong>contra</strong></span> <span class='ocrx_word' id='word_1_191' title='bbox 1588 2460 1711 2513; x_wconf 88' lang='lat' dir='ltr'><strong>eos,</strong></span> <span class='ocrx_word' id='word_1_192' title='bbox 1755 2443 1859 2517; x_wconf 91' lang='lat' dir='ltr'><strong>qui</strong></span> <span class='ocrx_word' id='word_1_193' title='bbox 1887 2463 1924 2501; x_wconf 89' lang='lat' dir='ltr'><strong>a</strong></span> <span class='ocrx_word' id='word_1_194' title='bbox 1951 2454 2009 2501; x_wconf 92' lang='lat' dir='ltr'><strong>te</strong></span> <span class='ocrx_word' id='word_1_195' title='bbox 2035 2442 2242 2501; x_wconf 87' lang='lat' dir='ltr'><strong>dissen-</strong></span> 
     </span>
     <span class='ocr_line' id='line_1_27' title="bbox 277 2521 2241 2607; baseline -0.001 -19"><span class='ocrx_word' id='word_1_196' title='bbox 277 2530 456 2603; x_wconf 90' lang='lat' dir='ltr'><strong>tiunt,</strong></span> <span class='ocrx_word' id='word_1_197' title='bbox 516 2550 662 2589; x_wconf 90' lang='lat' dir='ltr'><strong>cave</strong></span> <span class='ocrx_word' id='word_1_198' title='bbox 706 2532 782 2589; x_wconf 93' lang='lat' dir='ltr'><strong>ab</strong></span> <span class='ocrx_word' id='word_1_199' title='bbox 825 2521 1050 2589; x_wconf 87' lang='lat' dir='ltr'><strong>iniuriis</strong></span> <span class='ocrx_word' id='word_1_200' title='bbox 1067 2577 1082 2604; x_wconf 86' lang='lat'><em>‚</em></span> <span class='ocrx_word' id='word_1_201' title='bbox 1148 2549 1296 2606; x_wconf 92' lang='lat' dir='ltr'><strong>quas</strong></span> <span class='ocrx_word' id='word_1_202' title='bbox 1338 2530 1631 2607; x_wconf 85' lang='lat' dir='ltr'><strong>sapientia</strong></span> <span class='ocrx_word' id='word_1_203' title='bbox 1670 2533 1984 2607; x_wconf 77' lang='lat' dir='ltr'><strong>reprobat,</strong></span> <span class='ocrx_word' id='word_1_204' title='bbox 2042 2531 2241 2589; x_wconf 84' lang='lat' dir='ltr'><strong>caritas</strong></span> 
     </span>
     <span class='ocr_line' id='line_1_28' title="bbox 278 2618 2241 2695; baseline -0.001 -17"><span class='ocrx_word' id='word_1_205' title='bbox 278 2620 617 2679; x_wconf 86' lang='lat' dir='ltr'><strong>detestatur.</strong></span> <span class='ocrx_word' id='word_1_206' title='bbox 690 2622 954 2695; x_wconf 89' lang='lat' dir='ltr'><strong>Sequere</strong></span> <span class='ocrx_word' id='word_1_207' title='bbox 996 2620 1321 2693; x_wconf 80' lang='lat' dir='ltr'><strong>thomistaS,</strong></span> <span class='ocrx_word' id='word_1_208' title='bbox 1366 2638 1618 2695; x_wconf 89' lang='lat' dir='ltr'><strong>sequere</strong></span> <span class='ocrx_word' id='word_1_209' title='bbox 1659 2620 2016 2679; x_wconf 81' lang='lat' dir='ltr'><strong>molinistas:</strong></span> <span class='ocrx_word' id='word_1_210' title='bbox 2058 2618 2241 2678; x_wconf 89' lang='lat' dir='ltr'><strong>utrim-</strong></span> 
     </span>
     <span class='ocr_line' id='line_1_29' title="bbox 279 2708 2242 2785; baseline -0.001 -19"><span class='ocrx_word' id='word_1_211' title='bbox 279 2727 397 2785; x_wconf 91' lang='lat' dir='ltr'><strong>que</strong></span> <span class='ocrx_word' id='word_1_212' title='bbox 437 2710 624 2769; x_wconf 90' lang='lat' dir='ltr'><strong>habes</strong></span> <span class='ocrx_word' id='word_1_213' title='bbox 666 2710 978 2784; x_wconf 87' lang='lat' dir='ltr'><strong>magistros</strong></span> <span class='ocrx_word' id='word_1_214' title='bbox 1020 2710 1399 2769; x_wconf 88' lang='lat' dir='ltr'><strong>doctissimos</strong></span> <span class='ocrx_word' id='word_1_215' title='bbox 1440 2720 1501 2769; x_wconf 94' lang='lat' dir='ltr'><strong>et</strong></span> <span class='ocrx_word' id='word_1_216' title='bbox 1540 2708 1870 2785; x_wconf 77' lang='lat' dir='ltr'><strong>piissimos3</strong></span> <span class='ocrx_word' id='word_1_217' title='bbox 1911 2718 1980 2769; x_wconf 87' lang='lat' dir='ltr'><strong>at</strong></span> <span class='ocrx_word' id='word_1_218' title='bbox 2000 2711 2242 2769; x_wconf 80' lang='lat' dir='ltr'><strong>noliam-</strong></span> 
     </span>
    </p>
   </div>
   <div class='ocr_carea' id='block_1_5' title="bbox 2346 1007 2349 1678">
    <p class='ocr_par' dir='ltr' id='par_1_6' title="bbox 2346 1007 2349 1678">
     <span class='ocr_line' id='line_1_30' title="bbox 2346 1007 2349 1678; baseline 0 0"><span class='ocrx_word' id='word_1_219' title='bbox 2346 1007 2349 1678; x_wconf 95' lang='lat' dir='ltr'><strong> </strong></span> 
     </span>
    </p>
   </div>
   <div class='ocr_carea' id='block_1_6' title="bbox 279 2929 2238 3317">
    <p class='ocr_par' dir='ltr' id='par_1_7' title="bbox 279 2929 2238 3317">
     <span class='ocr_line' id='line_1_31' title="bbox 405 2929 2238 2997; baseline 0 -19"><span class='ocrx_word' id='word_1_220' title='bbox 405 2929 423 2960; x_wconf 88' lang='lat'><em>¹</em></span> <span class='ocrx_word' id='word_1_221' title='bbox 461 2931 722 2981; x_wconf 85' lang='lat' dir='ltr'><strong>Praeclare</strong></span> <span class='ocrx_word' id='word_1_222' title='bbox 760 2932 856 2981; x_wconf 82' lang='lat' dir='ltr'><strong>hac</strong></span> <span class='ocrx_word' id='word_1_223' title='bbox 894 2932 958 2981; x_wconf 87' lang='lat' dir='ltr'><strong>de</strong></span> <span class='ocrx_word' id='word_1_224' title='bbox 996 2948 1050 2981; x_wconf 85' lang='lat' dir='ltr'><strong>re</strong></span> <span class='ocrx_word' id='word_1_225' title='bbox 1087 2933 1333 2981; x_wconf 81' lang='lat' dir='ltr'><strong>Bossuet:</strong></span> <span class='ocrx_word' id='word_1_226' title='bbox 1391 2932 1497 2979; x_wconf 81' lang='lat' dir='ltr'><strong>«La</strong></span> <span class='ocrx_word' id='word_1_227' title='bbox 1533 2932 1779 2997; x_wconf 77' lang='lat' dir='ltr'><strong>premiere</strong></span> <span class='ocrx_word' id='word_1_228' title='bbox 1814 2931 1961 2997; x_wconf 75' lang='lat' dir='ltr'><strong>tegle</strong></span> <span class='ocrx_word' id='word_1_229' title='bbox 1997 2932 2061 2981; x_wconf 88' lang='lat' dir='ltr'><strong>de</strong></span> <span class='ocrx_word' id='word_1_230' title='bbox 2108 2939 2238 2979; x_wconf 80' lang='lat' dir='ltr'><strong>notre</strong></span> 
     </span>
     <span class='ocr_line' id='line_1_32' title="bbox 279 3010 2237 3077; baseline -0.001 -18"><span class='ocrx_word' id='word_1_231' title='bbox 279 3011 534 3076; x_wconf 77' lang='lat' dir='ltr'><strong>logique‚»</strong></span> <span class='ocrx_word' id='word_1_232' title='bbox 578 3012 750 3076; x_wconf 89' lang='lat' dir='ltr'><strong>inquit,</strong></span> <span class='ocrx_word' id='word_1_233' title='bbox 797 3010 952 3060; x_wconf 72' lang='lat' dir='ltr'><strong>«c’est</strong></span> <span class='ocrx_word' id='word_1_234' title='bbox 987 3010 1112 3077; x_wconf 91' lang='lat' dir='ltr'><strong>qu’il</strong></span> <span class='ocrx_word' id='word_1_235' title='bbox 1150 3028 1217 3060; x_wconf 90' lang='lat' dir='ltr'><strong>ne</strong></span> <span class='ocrx_word' id='word_1_236' title='bbox 1253 3012 1358 3061; x_wconf 86' lang='lat' dir='ltr'><strong>saut</strong></span> <span class='ocrx_word' id='word_1_237' title='bbox 1390 3012 1575 3077; x_wconf 80' lang='lat' dir='ltr'><strong>jamais</strong></span> <span class='ocrx_word' id='word_1_238' title='bbox 1605 3012 1941 3061; x_wconf 87' lang='lat' dir='ltr'><strong>abandonner</strong></span> <span class='ocrx_word' id='word_1_239' title='bbox 1977 3012 2050 3061; x_wconf 90' lang='lat' dir='ltr'><strong>les</strong></span> <span class='ocrx_word' id='word_1_240' title='bbox 2076 3010 2237 3060; x_wconf 57' lang='lat' dir='ltr'><strong>verit&amp;</strong></span> 
     </span>
     <span class='ocr_line' id='line_1_33' title="bbox 279 3091 2237 3157; baseline -0.001 -17"><span class='ocrx_word' id='word_1_241' title='bbox 279 3108 378 3141; x_wconf 89' lang='lat' dir='ltr'><strong>une</strong></span> <span class='ocrx_word' id='word_1_242' title='bbox 415 3092 512 3141; x_wconf 88' lang='lat' dir='ltr'><strong>fois</strong></span> <span class='ocrx_word' id='word_1_243' title='bbox 551 3108 805 3153; x_wconf 84' lang='lat' dir='ltr'><strong>connues,</strong></span> <span class='ocrx_word' id='word_1_244' title='bbox 859 3092 1076 3157; x_wconf 88' lang='lat' dir='ltr'><strong>quelque</strong></span> <span class='ocrx_word' id='word_1_245' title='bbox 1113 3091 1361 3141; x_wconf 76' lang='lat' dir='ltr'><strong>difficulte</strong></span> <span class='ocrx_word' id='word_1_246' title='bbox 1397 3092 1481 3157; x_wconf 89' lang='lat' dir='ltr'><strong>qui</strong></span> <span class='ocrx_word' id='word_1_247' title='bbox 1518 3091 1787 3141; x_wconf 67' lang='lat' dir='ltr'><strong>sui-vienne</strong></span> <span class='ocrx_word' id='word_1_248' title='bbox 1823 3092 1999 3157; x_wconf 87' lang='lat' dir='ltr'><strong>quand</strong></span> <span class='ocrx_word' id='word_1_249' title='bbox 2036 3108 2102 3142; x_wconf 90' lang='lat' dir='ltr'><strong>on</strong></span> <span class='ocrx_word' id='word_1_250' title='bbox 2136 3098 2237 3140; x_wconf 82' lang='lat' dir='ltr'><strong>veut</strong></span> 
     </span>
     <span class='ocr_line' id='line_1_34' title="bbox 279 3172 2238 3238; baseline -0.003 -14"><span class='ocrx_word' id='word_1_251' title='bbox 279 3176 353 3225; x_wconf 87' lang='lat' dir='ltr'><strong>les</strong></span> <span class='ocrx_word' id='word_1_252' title='bbox 392 3173 659 3232; x_wconf 56' lang='lat' dir='ltr'><strong>conciliem</strong></span> <span class='ocrx_word' id='word_1_253' title='bbox 700 3173 825 3222; x_wconf 87' lang='lat' dir='ltr'><strong>mais</strong></span> <span class='ocrx_word' id='word_1_254' title='bbox 861 3172 984 3238; x_wconf 90' lang='lat' dir='ltr'><strong>qu&#39;il</strong></span> <span class='ocrx_word' id='word_1_255' title='bbox 1021 3174 1126 3221; x_wconf 87' lang='lat' dir='ltr'><strong>faut</strong></span> <span class='ocrx_word' id='word_1_256' title='bbox 1162 3189 1228 3221; x_wconf 81' lang='lat' dir='ltr'><strong>au</strong></span> <span class='ocrx_word' id='word_1_257' title='bbox 1264 3173 1531 3233; x_wconf 87' lang='lat' dir='ltr'><strong>contraire,</strong></span> <span class='ocrx_word' id='word_1_258' title='bbox 1569 3188 1700 3237; x_wconf 88' lang='lat' dir='ltr'><strong>pour</strong></span> <span class='ocrx_word' id='word_1_259' title='bbox 1736 3172 1865 3221; x_wconf 88' lang='lat' dir='ltr'><strong>ainsi</strong></span> <span class='ocrx_word' id='word_1_260' title='bbox 1900 3172 2085 3237; x_wconf 83' lang='lat' dir='ltr'><strong>parler,</strong></span> <span class='ocrx_word' id='word_1_261' title='bbox 2130 3172 2238 3221; x_wconf 87' lang='lat' dir='ltr'><strong>tenir</strong></span> 
     </span>
     <span class='ocr_line' id='line_1_35' title="bbox 281 3250 2237 3317; baseline -0.002 -14"><span class='ocrx_word' id='word_1_262' title='bbox 281 3252 504 3315; x_wconf 87' lang='lat' dir='ltr'><strong>toujours</strong></span> <span class='ocrx_word' id='word_1_263' title='bbox 539 3254 809 3303; x_wconf 88' lang='lat' dir='ltr'><strong>fortement</strong></span> <span class='ocrx_word' id='word_1_264' title='bbox 846 3268 1040 3302; x_wconf 88' lang='lat' dir='ltr'><strong>comme</strong></span> <span class='ocrx_word' id='word_1_265' title='bbox 1079 3252 1152 3301; x_wconf 89' lang='lat' dir='ltr'><strong>les</strong></span> <span class='ocrx_word' id='word_1_266' title='bbox 1190 3253 1323 3301; x_wconf 85' lang='lat' dir='ltr'><strong>deux</strong></span> <span class='ocrx_word' id='word_1_267' title='bbox 1360 3253 1512 3302; x_wconf 86' lang='lat' dir='ltr'><strong>bouts</strong></span> <span class='ocrx_word' id='word_1_268' title='bbox 1550 3253 1615 3301; x_wconf 90' lang='lat' dir='ltr'><strong>de</strong></span> <span class='ocrx_word' id='word_1_269' title='bbox 1650 3253 1701 3301; x_wconf 83' lang='lat' dir='ltr'><strong>la</strong></span> <span class='ocrx_word' id='word_1_270' title='bbox 1738 3252 1935 3313; x_wconf 78' lang='lat' dir='ltr'><strong>chaine,</strong></span> <span class='ocrx_word' id='word_1_271' title='bbox 1982 3250 2237 3317; x_wconf 89' lang='lat' dir='ltr'><strong>quoiqu&#39;on</strong></span> 
     </span>
    </p>
   </div>
   <div class='ocr_carea' id='block_1_7' title="bbox 281 3329 2234 3473">
    <p class='ocr_par' dir='ltr' id='par_1_8' title="bbox 281 3329 2234 3473">
     <span class='ocr_line' id='line_1_36' title="bbox 281 3329 2234 3397; baseline 0.002 -18"><span class='ocrx_word' id='word_1_272' title='bbox 281 3348 346 3379; x_wconf 91' lang='lat' dir='ltr'><strong>ne</strong></span> <span class='ocrx_word' id='word_1_273' title='bbox 384 3332 497 3379; x_wconf 90' lang='lat' dir='ltr'><strong>voie</strong></span> <span class='ocrx_word' id='word_1_274' title='bbox 534 3348 626 3393; x_wconf 80' lang='lat' dir='ltr'><strong>pas</strong></span> <span class='ocrx_word' id='word_1_275' title='bbox 665 3332 888 3394; x_wconf 88' lang='lat' dir='ltr'><strong>toujours</strong></span> <span class='ocrx_word' id='word_1_276' title='bbox 924 3332 972 3380; x_wconf 90' lang='lat' dir='ltr'><strong>le</strong></span> <span class='ocrx_word' id='word_1_277' title='bbox 1010 3332 1177 3379; x_wconf 89' lang='lat' dir='ltr'><strong>milieu</strong></span> <span class='ocrx_word' id='word_1_278' title='bbox 1215 3348 1307 3397; x_wconf 88' lang='lat' dir='ltr'><strong>par</strong></span> <span class='ocrx_word' id='word_1_279' title='bbox 1343 3329 1410 3381; x_wconf 74' lang='grc' dir='ltr'><strong>οὺ</strong></span> <span class='ocrx_word' id='word_1_280' title='bbox 1446 3330 1878 3382; x_wconf 79' lang='lat' dir='ltr'><strong>l&#39;enchainement</strong></span> <span class='ocrx_word' id='word_1_281' title='bbox 1900 3349 1958 3383; x_wconf 88' lang='lat' dir='ltr'><strong>se</strong></span> <span class='ocrx_word' id='word_1_282' title='bbox 1984 3333 2234 3383; x_wconf 80' lang='lat' dir='ltr'><strong>continue»</strong></span> 
     </span>
     <span class='ocr_line' id='line_1_37' title="bbox 286 3406 1181 3473; baseline 0.003 -18"><span class='ocrx_word' id='word_1_283' title='bbox 286 3407 483 3465; x_wconf 79' lang='lat' dir='ltr'><strong>(Traite</strong></span> <span class='ocrx_word' id='word_1_284' title='bbox 522 3410 590 3454; x_wconf 89' lang='lat' dir='ltr'><strong>du</strong></span> <span class='ocrx_word' id='word_1_285' title='bbox 627 3408 756 3456; x_wconf 89' lang='lat' dir='ltr'><strong>libre</strong></span> <span class='ocrx_word' id='word_1_286' title='bbox 795 3410 981 3457; x_wconf 88' lang='lat' dir='ltr'><strong>arbitre</strong></span> <span class='ocrx_word' id='word_1_287' title='bbox 1021 3425 1062 3458; x_wconf 90' lang='lat' dir='ltr'><strong>c.</strong></span> <span class='ocrx_word' id='word_1_288' title='bbox 1105 3406 1181 3473; x_wconf 90' lang='lat'><strong>4).</strong></span> 
     </span>
    </p>
   </div>
  </div>
 </body>
</html>
