2367 3850
454 217 543 253 DE
583 217 1061 255 SPIRITUALITATE
1102 219 1330 254 ANIMAE
1371 217 1679 256 HUMANAE.
1965 216 2060 266 107

195 365 266 423 Ut
283 405 287 408 -
306 375 525 424 autem
568 366 781 440 thesim
825 376 1088 425 nostram
1141 368 1474 438 infirment,
1531 367 1808 424 omnibus
1865 367 2062 427 nervis

84 453 391 512 ostendere
427 465 727 514 conantur
754 456 1169 515 materialistae
1203 467 1262 514 et
1290 456 1652 531 positivistae
1681 457 2063 530 operationes

84 543 221 600 vitae
262 554 519 602 nostrae
564 545 869 602 rationalis
912 545 1039 620 regi
1092 545 1325 620 legibus
1379 544 1589 603 virium
1648 545 2060 614 materialium,

90 633 482 692 «activitatem
514 634 860 710 psychicam
890 635 1123 692 animae
1153 633 1299 691 nihil
1329 633 1490 691 aliud
1519 651 1647 693 esse
1677 633 1789 692 nisi
1811 634 2062 692 formam

86 721 381 796 quandam
428 721 757 798 specialem
800 733 1051 781 motus».

194 821 524 892 Quaenam
564 839 710 880 vero
752 821 825 879 sit
864 821 1151 879 Ecclesiae
1190 821 1304 878 hac
1347 820 1426 879 de
1468 838 1533 878 re
1576 819 1880 890 doctrina,
1925 837 2063 878 con-

86 919 189 966 stat
228 928 301 967 ex
344 911 445 967 his
488 911 880 968 conciliorum
924 909 1214 970 decretis:

204 1028 251 1065 1.
300 1007 621 1065 Concilium
648 1009 975 1066 Vaticanum
1004 1008 1382 1066 anathemate
1410 1007 1593 1082 plexit
1620 1025 1743 1078 eos,
1789 1007 1892 1081 qui
1919 1007 2068 1066 nihil

90 1106 315 1170 praeter
358 1097 677 1154 materiam
720 1098 1001 1156 exsistere
1043 1097 1447 1156 contendunt:
1517 1097 1613 1154 «Si
1653 1095 1785 1170 quis
1827 1105 2067 1172 praeter

88 1187 394 1244 materiam
423 1185 571 1243 nihil
603 1203 733 1244 esse
763 1186 1059 1244 affirmare
1090 1204 1216 1243 non
1244 1186 1560 1256 erubuerit,
1593 1185 1914 1244 anathema
1934 1187 2060 1245 sit.»

207 1304 257 1341 2.
323 1283 635 1340 Concilium
675 1301 809 1342 vero
849 1284 1237 1342 Lateranense
1276 1285 1332 1340 V
1361 1283 1479 1340 iam
1522 1293 1702 1340 antea
1743 1283 1906 1341 circa
1948 1283 2068 1341 ani-

91 1391 219 1431 mae
248 1372 726 1448 spiritualitatem
754 1373 907 1431 haec
935 1373 1376 1431 declaraverat:
1428 1372 1737 1430 «Firmiter
1769 1371 2067 1432 credimus

93 1472 148 1518 et
174 1461 524 1537 simpliciter
552 1463 923 1533 confitemur,
958 1463 1122 1538 quod
1140 1480 1291 1520 unus
1312 1472 1401 1519 est
1420 1462 1579 1520 solus
1595 1478 1768 1519 verus
1788 1462 1953 1520 Deus
1979 1507 1990 1518 .
2014 1507 2026 1520 .
2053 1509 2064 1521 .

92 1551 189 1624 qui
248 1570 354 1608 sua
414 1551 815 1627 omnipotenti
874 1551 1085 1610 virtute
1146 1551 1320 1609 simul
1378 1551 1455 1608 ab
1526 1550 1692 1609 initio
1761 1551 2064 1626 temporiS,

95 1651 401 1715 utramque
444 1640 523 1698 de
554 1640 739 1698 nihilo
770 1641 1039 1699 condidit
1068 1651 1418 1711 creaturam,
1462 1640 1823 1716 spiritualem
1855 1649 1914 1698 et
1942 1658 2067 1698 cor-

98 1731 379 1804 poralem,
425 1731 761 1804 angelicam
804 1729 1030 1788 scilicet
1072 1741 1131 1789 et
1172 1729 1556 1800 mundanam,
1601 1748 1674 1787 ac
1715 1729 1936 1788 deinde
1965 1729 2066 1787 hu-

98 1837 333 1876 manam
374 1837 774 1890 communem,
819 1838 891 1876 ex
929 1821 1136 1896 spiritu
1160 1827 1234 1876 ·et
1269 1828 1500 1894 corpore
1540 1820 1911 1877 constitutam.

214 1957 414 2019 'rhesis
450 1969 731 2032 probatio.
800 1964 845 2019 I.
889 1962 1163 2020 Probatio
1205 1962 1417 2019 directa
1445 1963 1476 2017 ¹.

225 2098 269 2135 1.
324 2080 429 2136 Ex
484 2097 746 2137 consensu
800 2082 1045 2138 omnium
1089 2081 1450 2156 populorum.
1497 2110 1574 2118 -—-
1619 2080 1798 2156 Apud
1855 2097 2065 2137 ornnes

102 2166 514 2243 cuiuscumque
559 2169 767 2227 aetatis
807 2171 1063 2245 populos
1104 2170 1274 2227 firma
1316 2187 1554 2245 semper
1596 2179 1723 2227 erat
1760 2169 2066 2245 persuasio

226 2360 241 2391 ¹
273 2364 512 2413 Admissa
548 2365 842 2429 angelorum
881 2365 1204 2427 exsistentia,
1246 2365 1436 2413 directa
1474 2364 1834 2429 spiritualitatis
1873 2365 2068 2413 animae

104 2443 327 2506 probatio
376 2445 479 2494 hoc
530 2445 913 2495 convenientiae
966 2454 1266 2510 argumento
1318 2446 1490 2495 induci
1541 2454 1736 2509 potest:
1795 2444 2069 2493 Productio

105 2530 346 2573 creaturae
397 2526 713 2590 compositae
765 2542 826 2575 ex
878 2542 1091 2591 corpore
1143 2534 1193 2574 et
1243 2526 1422 2591 spiritu
1471 2526 1672 2575 videtur
1716 2526 1967 2589 pertinere
2005 2526 2070 2573 ad

105 2603 453 2666 perfectionem
490 2607 739 2667 universi,
794 2616 847 2655 ut
885 2606 1131 2655 habeatur
1167 2608 1413 2671 graduata
1449 2607 1670 2654 omnium
1707 2606 1898 2655 entium
1936 2621 2070 2655 crea—

108 2692 261 2731 torum
308 2686 535 2736 conexio.
614 2688 923 2751 Conspicere
975 2686 1109 2735 enim
1170 2696 1248 2735 est
1297 2687 1472 2736 miram
1543 2686 1874 2735 conexionem
1940 2686 2072 2735 inter

112 2740 452 2827 non-vivsstia,
491 2768 790 2831 vegetantia,
831 2768 1079 2827 animalia,
1120 2784 1249 2831 quae
1287 2776 1451 2818 tamen
1490 2768 1658 2816 omnia
1683 2768 1992 2816 concordant
2017 2766 2068 2814 in

114 2860 184 2904 eo,
219 2847 347 2909 quod
384 2864 559 2895 eorum
598 2849 787 2898 formae
825 2849 876 2896 in
916 2848 1121 2897 materia
1158 2849 1421 2897 immersae
1458 2850 1557 2897 sint
1594 2864 1760 2911 neque
1799 2847 1850 2895 in
1877 2863 1930 2895 se
1957 2848 2070 2896 sub-

113 2924 269 2974 sistere
286 2928 499 2991 possint.
528 2928 754 2977 Aliunde
774 2945 925 2993 supra
946 2930 1082 2978 hunc
1102 2930 1344 2979 mundum
1366 2928 1726 2993 aspectabilem
1747 2927 2074 2976 inveniuntur

116 3006 284 3055 formae
318 3016 578 3072 separatae
615 3025 645 3056 a
682 3010 903 3069 materia,
944 3025 1080 3057 mere
1119 3009 1476 3073 intellegentes
1514 3018 1563 3057 et
1594 3008 1893 3073 spirituales.
1946 3008 2071 3057 Ideo

120 3092 189 3143 ut,
226 3102 345 3150 quae
381 3096 519 3137 recte
559 3098 739 3153 coepta
776 3097 879 3150 est,
920 3099 1055 3139 recte
1094 3090 1416 3139 continuetur
1453 3090 1610 3137 series
1649 3088 1873 3147 entium,
1913 3089 2072 3153 requi-

122 3164 227 3212 ritur
250 3167 510 3231 productio
536 3168 775 3234 principii
801 3170 1074 3235 spiritualis
1100 3170 1316 3219 viventis
1342 3169 1393 3217 in
1422 3185 1650 3233 corpore,
1693 3169 1770 3217 cui
1798 3168 2073 3218 inserviant

127 3244 401 3296 irrationalia
439 3248 709 3310 inferiora,
762 3258 815 3299 et
864 3266 993 3315 quae
1045 3252 1105 3300 iis
1154 3250 1454 3299 dominetur.
1529 3250 1684 3313 Atqui
1725 3257 1829 3297 tota
1866 3257 2072 3303 naturae

127 3326 333 3391 analogia
366 3330 639 3392 persuadet
676 3332 844 3379 Deum
896 3347 999 3379 non
1050 3331 1309 3396 reliquisse
1361 3330 1694 3379 deficientiam
1747 3330 1798 3376 in
1855 3329 2074 3378 mirabili

128 3406 481 3457 substantiarum
539 3418 816 3459 creatarum
885 3411 1148 3459 harmonia
1217 3419 1268 3459 et
1334 3411 1615 3458 conexione
1680 3416 1730 3457 et
1782 3409 1898 3456 ideo
1961 3425 2073 3470 pro·
