2367 3850
0 13 723 78 war-ena
765 13 786 23 ⁷·
813 13 824 23 ’
861 13 880 25 ”’

280 43 343 64 ,5⁴⁰
596 41 601 51 ¹

6 113 13 120 .

216 246 288 282 DE
326 247 667 286 PRAECIPUIS
709 249 1049 289 PoTEs'rATIS
1088 251 1298 290 crvxms
1337 251 1567 291 nunnus
1606 253 1680 290 ET
1715 253 1973 292 OFFICHS.
2051 253 2155 304 349

154 393 355 454 immo
400 397 610 456 omnia
650 397 779 457 iura
820 401 1167 475 parentalia,
1214 401 1558 461 vindicare?
1613 402 1772 460 Nam
1812 402 1982 461 liberi
2023 412 2158 460 sunt

160 485 523 559 parentibus
577 490 740 546 bona
794 489 1061 548 omnium
1118 489 1452 564 carissima,
1507 501 1566 550 et
1621 509 1828 550 eorum
1884 491 2158 550 educatio

158 575 359 632 multo
416 577 787 636 essentialius
847 578 927 638 ad
986 579 1250 638 officium
1303 589 1618 656 parentum
1670 581 1928 657 pertinet
1979 599 2158 656 quam

162 663 609 725 administratio
650 667 1005 727 bonorum.»
1030 669 1048 701 ¹

290 793 555 855 Assertio
590 799 649 855 V.
684 829 754 839 —
795 799 1183 860 «Auctoritati
1220 802 1373 860 civili
1409 820 1524 859 non
1559 802 1812 877 competit
1849 803 1938 859 ius
1976 818 2163 858 omnes

148 891 437 958 parentes
479 887 597 959 lege
638 888 945 962 obligandi,
997 895 1065 946 ut
1101 890 1308 948 liberos
1347 899 1462 966 per
1500 891 1718 965 aliquot
1768 909 1950 949 annos
1989 890 2164 947 alicui

164 973 390 1031 scholae
431 977 803 1036 instituendos
844 979 1137 1036 tradant.»
1158 979 1181 1012 ²
1263 979 1501 1038 Etenim
1553 998 1689 1038 cum
1739 979 1828 1038 ius
1869 979 2161 1038 directum

165 1061 232 1119 in
289 1061 719 1124 educationem
771 1085 1093 1142 puerorum
1136 1069 1455 1127 auctoritas
1511 1067 1698 1128 civilis
1751 1087 1875 1126 non
1925 1068 2160 1138 habeat,

162 1151 287 1210 tale
334 1152 423 1210 ius
467 1153 779 1229 obligandi
835 1156 949 1233 ipsi
1002 1167 1145 1216 tunc
1184 1158 1377 1216 solum
1421 1166 1806 1240 competeret,
1865 1157 1912 1216 si
1962 1174 2165 1214 neces-

163 1241 392 1300 sarium
422 1254 581 1302 esset
607 1245 705 1302 vel
729 1246 810 1305 ad
837 1245 1124 1304 tuendum
1155 1245 1244 1305 ius
1273 1247 1584 1305 infantium
1613 1255 1824 1304 contra
1850 1256 2164 1321 parentum

162 1331 622 1406 neglegentiam
682 1334 780 1392 vel
837 1335 916 1393 ad
976 1333 1266 1394 tuendum
1325 1336 1412 1394 ius
1472 1335 1794 1406 societatis,
1858 1345 2164 1410 quatenuS,

162 1417 495 1479 deficiente
538 1422 655 1481 hac
699 1423 1035 1496 coactione,
1081 1442 1155 1483 ex
1197 1424 1437 1484 defectu
1479 1424 1780 1500 religionis
1803 1425 1901 1483 vel
1937 1423 2168 1482 morali-

160 1508 305 1566 tatis
348 1510 557 1584 gravia
598 1510 991 1571 incommoda
1033 1513 1398 1588 reipublicae
1440 1523 1841 1571 nascerentur.

176 1591 185 1598 ’
292 1597 421 1656 Sed
460 1610 743 1659 neutrum
784 1602 1069 1660 affirmari
1111 1611 1325 1678 potest.
1411 1603 1551 1660 Non
1581 1604 1771 1676 prius,
1817 1602 1956 1677 quia
1996 1600 2165 1659 liberi

160 1686 258 1744 ius
302 1691 605 1746 strictum⁸
660 1690 740 1748 ad
796 1690 1221 1750 educationem
1276 1711 1312 1749 a
1366 1691 1710 1767 parentibus
1754 1691 2167 1766 accipiendam

160 1792 298 1834 non
344 1776 627 1836 videntur
668 1779 916 1852 habere,
962 1798 1179 1856 neque,
1225 1781 1274 1838 si
1315 1781 1431 1838 tale
1474 1779 1560 1837 ius
1602 1779 1743 1855 ipsis
1781 1788 2166 1854 competeret,

159 1867 435 1926 omnibus
489 1868 741 1928 omnino
799 1869 1123 1929 infantibus
1181 1868 1466 1929 institutio
1509 1867 1793 1929 scholaris
1834 1867 2168 1927 necessaria

161 1967 352 2015 esset.
436 1958 777 2030 Praeterea,
836 1960 886 2017 si
944 1959 1254 2034 quoddam
1309 1960 1423 2018 hac
1478 1958 1540 2015 in
1596 1976 1660 2015 re
1716 1958 1804 2016 ius
1846 1957 2164 2015 liberorum

161 2056 335 2105 esset
375 2047 689 2117 tuendum,
736 2058 905 2107 certo
955 2048 1304 2119 «sufficeret,
1348 2058 1411 2106 ut
1451 2046 1768 2105 auctoritas
1805 2046 1990 2105 civilis
2031 2044 2170 2103 defi-

158 2134 333 2193 niret
373 2137 636 2211 infimam
680 2155 1024 2196 mensuram
1062 2136 1440 2195 institutionis
1482 2135 1756 2193 omnibus
1799 2133 2168 2195 necessariae

160 2219 358 2299 (quae
414 2234 584 2284 certe
642 2227 796 2285 ultra
852 2236 1041 2285 artem
1096 2225 1358 2300 legendi,
1412 2224 1728 2295 scribendi,
1785 2222 2167 2297 computandi

160 2331 233 2372 se
276 2331 411 2372 non
462 2310 755 2390 extendit)
814 2325 875 2374 et
930 2315 1151 2374 liberos
1207 2324 1372 2373 certa
1423 2323 1615 2372 aetate
1670 2313 1748 2370 ad
1799 2310 2168 2369 subeundum

160 2421 433 2463 examen
496 2404 810 2482 publicum
870 2404 1286 2478 adstringeret.
1380 2404 1517 2460 Hae
1579 2400 1738 2459 enim
1800 2398 2169 2473 cognitiones

156 2494 557 2553 necessariae
588 2492 823 2570 acquiri
862 2502 1113 2569 possunt
1146 2492 1316 2551 brevi
1358 2501 1417 2550 et
1459 2499 1797 2567 opportuno
1828 2486 2170 2563 parentibus

156 2594 469 2659 tempore,
516 2582 664 2658 quin
707 2600 959 2642 necesse
1003 2581 1077 2640 sit
1115 2581 1338 2640 liberos
1380 2598 1499 2650 seX,
1557 2589 1786 2653 septem
1845 2577 1938 2634 vel
1993 2574 2170 2633 etiam

160 2671 378 2745 plures
422 2689 621 2729 annos
677 2672 999 2730 continuos
1056 2669 1277 2729 cotidie
1332 2670 1530 2745 plures
1570 2666 1748 2725 horas
1800 2663 1860 2722 in
1911 2662 2170 2738 aliquam

160 2760 448 2817 scholam
492 2759 751 2832 mittere,
806 2760 869 2818 id
913 2759 1080 2834 quod
1121 2776 1227 2817 eos
1279 2776 1401 2816 non
1444 2757 1632 2814 solum
1674 2751 1922 2829 impedit
1970 2751 2031 2809 in
2075 2751 2174 2809 ad·

158 2847 475 2907 discendo
535 2858 769 2907 mature
827 2849 1033 2924 aliquo
1085 2848 1340 2905 honesto
1399 2843 1664 2920 opificio,
1723 2843 1827 2901 sed
1883 2840 2061 2899 etiam
2110 2840 2173 2898 in

156 2956 297 2995 non
344 2956 547 3013 pauca
590 2938 862 3013 pericula
902 2936 1154 2995 moralia
1196 2934 1432 3005 conicit,
1478 2932 1824 3008 praesertim
1863 2929 1965 2988 ubi
2003 2929 2174 2987 liberi

160 3026 487 3101 utriusque
528 3043 705 3085 sexus
742 3026 1082 3101 promiscue
1112 3023 1370 3083 eandem
1407 3022 1671 3081 scholam
1699 3020 2130 3093 frequentant.»
2154 3022 2174 3053 ⁴

302 3202 323 3235 ¹
365 3204 613 3255 Cathrein
652 3204 685 3254 l.
726 3220 772 3253 c.
810 3220 864 3268 p.
904 3213 1025 3267 405.
1184 3198 1207 3231 ²
1243 3200 1374 3249 Ibid.

298 3282 324 3315 ⁸
360 3284 513 3347 Quid
568 3285 631 3333 sit
680 3284 759 3332 ius
810 3283 1040 3332 strictum
1091 3281 1172 3329 vel
1219 3280 1497 3345 perfectum
1549 3286 1598 3327 et
1647 3278 1722 3325 ius
1775 3292 1878 3325 non
1930 3277 2175 3341 strictum,

160 3382 329 3432 supra
367 3384 423 3431 p.
470 3376 581 3427 310
620 3364 927 3428 explicatum
964 3361 1142 3410 habes.

298 3444 321 3474 ⁴
366 3446 614 3495 Cathrein
669 3444 703 3493 l.
744 3460 787 3492 c.
828 3460 877 3507 p.
919 3443 1040 3503 406.
1086 3468 1144 3477 —
1191 3439 1416 3488 Eandem
1468 3437 1766 3487 sententiam
1804 3437 1926 3484 alibi
1967 3434 2176 3502 (Moral-
