2367 3850
256 199 359 261 348
856 211 1088 249 zrmca.
1148 211 1286 248 PARS
1327 211 1626 248 suemus,

374 359 630 418 Assertio
658 359 746 418 II.
782 387 855 398 —
890 360 1001 417 <In
1040 377 1194 429 casu,
1235 360 1298 417 in
1337 379 1448 434 quo
1475 378 1651 435 neque
1673 360 1938 434 singulae
1965 359 2256 434 familiae

252 466 427 524 neque
470 449 627 525 pagi
672 449 891 507 scholas
942 450 1159 523 erigere
1213 450 1410 508 valent
1455 456 1560 507 aut
1613 450 1682 507 id
1718 449 1932 524 facere
1977 449 2256 522 graviter

252 539 569 612 neglegunt,
626 539 981 596 auctoritatis
1022 539 1290 615 politicae
1329 547 1623 615 supremae
1676 546 1758 597 est
1803 541 1877 596 iis
1915 555 2254 596 succurrere

252 635 309 685 et
358 646 431 685 ex
484 629 857 686 communibus
910 629 1103 686 mediis
1155 629 1373 687 scholas
1422 630 1655 702 erigere,
1691 631 1986 703 'quantum
2027 628 2257 704 publici

240 725 555 793 proventus
606 719 947 794 permittunt
1005 725 1062 775 et
1119 719 1208 776 ad
1259 719 1460 776 bonum
1523 736 1805 776 commune
1865 719 2250 775 necessarium

251 813 384 865 est.»
410 807 425 838 ¹
510 807 785 882 Sequitur
839 825 914 866 ex
970 808 1101 884 ipsa
1152 818 1365 866 natura
1415 806 1602 866 civilis
1653 805 2039 878 auctoritatiS,
2085 825 2248 881 quae

252 896 330 954 ad
370 896 490 955 hoc
530 895 792 956 instituta
834 906 939 969 est,
983 907 1047 956 ut
1086 897 1451 971 privatorum
1492 896 1852 956 activitatem
1895 897 2160 955 adiuvet.

373 1020 629 1079 Assertio
668 1021 793 1079 III.
837 1051 917 1060 -—-
963 1022 1392 1098 «Monopolium
1439 1023 1598 1097 quod
1642 1027 1849 1081 vocant
1894 1021 2248 1091 scholarum,

250 1112 315 1169 vi
368 1113 523 1168 cuius
574 1113 885 1170 auctoritas
930 1111 1163 1187 publica
1219 1111 1399 1170 civilis
1454 1112 1566 1169 sibi
1619 1112 1776 1168 unice
1831 1112 1922 1168 ius
1977 1117 2256 1170 reservat

250 1200 467 1258 scholas
524 1202 841 1276 aperiendi,
907 1202 1031 1259 iuri
1093 1201 1358 1258 naturali
1411 1208 1748 1276 repugnat.»
1768 1200 1790 1233 ²
1879 1199 2014 1258 Tali
2076 1199 2253 1258 enim

252 1289 603 1364 monopolio
666 1289 919 1348 violatur
981 1290 1069 1348 ius
1134 1309 1170 1347 a
1233 1299 1444 1349 natura
1500 1289 1846 1366 parentibus
1905 1290 2117 1348 datum
2180 1289 2250 1347 in

251 1376 473 1436 liberos
528 1377 903 1450 educandos,
958 1397 1097 1438 cum
1151 1381 1444 1437 instructio
1495 1379 1591 1437 vel
1647 1377 1934 1438 institutio
1990 1377 2249 1454 puerilis

254 1475 312 1524 et
351 1466 577 1542 ingenii
620 1469 807 1527 cultus
850 1487 987 1527 cum
1028 1469 1350 1527 educatione
1391 1467 1781 1528 essentialiter
1823 1476 2246 1526 conectantur.

253 1557 404 1614 Item
446 1555 697 1616 violatur
750 1558 856 1628 ius,
915 1557 1080 1632 quod
1133 1559 1196 1616 in
1250 1558 1447 1616 ordine
1487 1558 1752 1616 naturali
1767 1557 1786 1590 ⁸
1825 1555 2247 1632 unusquisque

253 1644 450 1715 habet,
508 1663 646 1703 cum
702 1645 827 1704 aliis
880 1646 1273 1721 cogitationes
1313 1665 1447 1705 suas
1489 1645 1974 1704 communicandi
2013 1646 2116 1706 vel
2157 1646 2246 1702 ab

255 1733 383 1792 aliis
442 1734 737 1808 discendi,
808 1745 984 1810 prout
1042 1737 1191 1806 vult,
1261 1735 1506 1795 servatis
1562 1735 1814 1794 iustitiae
1871 1734 2106 1810 legibus
2179 1745 2246 1792 et

257 1822 530 1882 caritatis

374 1943 631 2003 Assertio
672 1945 721 2003 I
720 1946 779 2003 V.
822 1974 901 1985 --
948 1944 1041 2003 «A
1069 1932 1328 2019 fortiori
1362 1946 1648 2021 publicum
1687 1946 2007 2005 scholarum
2046 1964 2240 2003 mono-

243 2034 461 2108 polium
516 2035 629 2107 legi
677 2035 941 2094 naturali
983 2042 1284 2110 repugnat,
1339 2036 1398 2093 si
1433 2042 1703 2112 parentes
1749 2036 1983 2111 insuper
2019 2035 2244 2108 legibus

254 2124 709 2196 adstringantur,
765 2132 833 2181 ut
882 2125 1085 2183 liberos
1129 2132 1248 2200 per
1303 2131 1511 2183 certum
1565 2132 1778 2201 tempus
1835 2126 1898 2183 iu
1945 2124 2242 2201 publicam

253 2211 601 2288 disciplinam
643 2213 934 2271 tradant.»
954 2214 975 2247 ⁴
1041 2214 1278 2273 Veritas
1316 2213 1488 2272 huius
1528 2212 1867 2273 assertionis
1909 2213 2030 2271 iam
2070 2223 2244 2288 patet

255 2320 327 2360 ex
366 2300 454 2374 iis,
502 2319 655 2377 quae
697 2303 969 2378 proxima
1010 2303 1334 2363 assertione
1371 2302 1818 2363 declaravimus.
1881 2303 2238 2361 Notandum

254 2402 581 2465 praeterea,
625 2391 688 2450 id
730 2393 894 2468 quod
925 2394 1183 2451 fautores
1212 2392 1382 2452 huius
1408 2392 1740 2468 monopolii
1766 2410 1894 2451 non
1923 2391 2070 2452 satis
2090 2410 2237 2451 con·

255 2480 540 2553 siderant,
583 2480 818 2539 illorum
862 2492 1119 2557 systema
1159 2492 1602 2557 consequenter
1640 2482 1838 2539 ducere
1876 2481 1963 2539 ad
1993 2482 2239 2541 socialis·

254 2588 420 2627 mum.
498 2570 595 2628 «Si
634 2570 793 2629 enim
824 2570 1140 2629 auctoritas
1168 2570 1356 2629 civilis
1391 2570 1540 2630 iuste
1569 2569 1681 2629 sibi
1709 2588 2010 2630 assumere
2040 2581 2239 2646 potest

255 2657 673 2717 educationem
700 2658 1043 2731 liberorum,
1082 2678 1190 2718 cur
1214 2677 1343 2717 non
1370 2670 1572 2736 posset
1597 2658 1835 2735 aequali
1860 2658 2008 2732 iure,
2046 2659 2236 2717 immo

255 2767 291 2805 a
332 2747 578 2819 fortiori,
622 2747 733 2807 sibi
761 2747 987 2809 directe
1016 2748 1592 2809 administrationem
1620 2750 1919 2808 bonorum
1947 2747 2231 2819 familiae,

379 2923 396 2954 ¹
438 2926 671 2976 Cathrein
708 2927 741 2977 l.
782 2944 825 2977 c.
971 2923 1272 2977 8*Catlzrein
1307 2927 1340 2976 1.
1383 2943 1424 2976 c.

372 3003 393 3034 ⁸
430 3006 685 3055 Dicimus:
723 3010 777 3057 in
813 3008 983 3058 ordine
1018 3009 1256 3067 naturali,
1295 3008 1412 3072 quia
1447 3007 1499 3055 in
1538 3006 1716 3056 ordine
1752 3005 2143 3071 supernaturali,
2184 3007 2233 3055 in

255 3101 355 3149 quo
394 3086 457 3133 de
494 3087 629 3135 facto
679 3103 846 3136 sumus
891 3087 1173 3147 constituti,
1229 3088 1336 3135 sola
1372 3086 1603 3136 Ecclesia
1641 3086 1718 3136 ius
1754 3087 1912 3135 habet
1949 3087 2232 3135 doctrinam

254 3165 575 3215 christianam
626 3168 867 3227 docendi,
920 3167 1072 3216 immo
1124 3167 1202 3215 ius
1252 3166 1409 3216 habet
1447 3166 1676 3216 Ecclesia
1713 3166 1790 3215 ius
1827 3166 1953 3214 illud
2001 3166 2233 3215 naturale

254 3246 604 3311 restringendi.
680 3246 784 3296 Sed
822 3248 885 3295 de
924 3247 999 3295 his
1037 3262 1204 3296 sermo
1241 3247 1340 3297 erit
1373 3248 1425 3296 in
1464 3246 1744 3311 disciplinis
1795 3246 2102 3311 theologicis
2155 3245 2234 3295 vel

254 3325 651 3373 institutionibus
687 3326 805 3373 iuris
844 3326 1090 3374 canonici.

377 3401 397 3430 ⁴
440 3403 670 3452 Catkrein
710 3404 740 3451 1.
782 3421 824 3452 c.
864 3420 914 3467 p.
955 3417 1075 3464 404.
