2367 3850
935 0 965 3 Ἴ
984 0 1157 25 Ἣ
1175 0 1182 2 ,

261 174 327 221 24
700 170 1197 208 ANTHROPOLOGIA.
1263 168 1399 204 PARS
1439 166 1785 204 ANALYTICA.

1071 333 1296 395 LIBER
1343 346 1413 395 11.

350 469 476 530 DE
523 467 882 530 HOMINE
930 466 1057 529 UT
1103 463 1273 527 EST
1320 461 1774 538 SENTIENS,
1825 463 1918 524 ID
1968 460 2140 524 EST

711 563 1045 627 VIVENS
1093 563 1322 626 VITA
1371 562 1782 625 ANIMALI.

385 711 622 779 Hom0,
679 718 827 766 teste
871 706 1265 783 experientia,
1322 722 1449 763 non
1491 706 1713 776 solum,
1772 706 1918 763 sicut
1975 706 2239 780 plantae,

265 816 392 857 sese
435 797 630 866 nutrit,
675 807 869 871 auget,
917 805 1240 871 propagat,
1286 795 1392 872 sed
1435 793 1639 866 etiam,
1688 794 1839 852 sicut
1880 793 2049 853 entia
2084 811 2242 868 quae

265 886 515 966 dicimus
557 885 836 944 animalia
880 885 1082 956 bruta,
1142 903 1236 942 res
1291 894 1565 942 externas
1618 883 1780 942 vitali
1834 883 2100 958 quadam
2154 900 2244 940 re·

266 962 743 1050 praesentatione
771 973 1199 1049 apprehendit-1
1244 974 1525 1045 cognoscit.
1583 974 1752 1044 Item,
1784 972 1933 1030 sicut
1962 971 2243 1030 animalia

264 1065 454 1135 bruta,
499 1081 573 1121 ex
613 1063 1094 1139 apprehensione
1136 1061 1236 1120 illa
1278 1061 1594 1120 inclinatur
1634 1062 1712 1120 ad
1748 1061 2241 1137 prosequendum

266 1153 344 1224 id,
392 1152 558 1228 quod
597 1163 662 1210 ut
703 1151 812 1210 sibi
857 1152 1223 1210 conveniens
1268 1151 1683 1227 apprehendit,
1727 1160 1787 1208 et
1828 1151 1906 1208 ad
1947 1151 2244 1226 refugien-

268 1243 409 1300 dum
452 1242 527 1299 ab
572 1259 677 1312 (ιο,
738 1241 903 1316 quod
943 1241 1223 1298 nocivum
1282 1239 1392 1298 sibi
1435 1258 1564 1298 esse
1612 1239 1953 1317 cognoscit.
2012 1240 2240 1314 appetit.

267 1333 490 1402 Imm0,
550 1330 697 1388 sicut
739 1329 952 1388 eadem
995 1329 1305 1401 animalia,
1362 1335 1514 1386 motu
1555 1330 1723 1387 localz
1759 1329 1837 1386 ad
1878 1328 2111 1385 bonum
2154 1347 2243 1385 ac-

269 1420 486 1478 cedere
544 1430 603 1477 et
658 1439 695 1476 a
748 1420 907 1476 malo
964 1419 1247 1477 recedere
1303 1428 1517 1493 potest.
1617 1419 1708 1474 Ex
1765 1417 1978 1492 quibus
2034 1435 2245 1492 opera-

267 1509 526 1568 tionibus
555 1509 831 1567 omnibus
860 1507 1229 1566 constituitur
1258 1510 1379 1566 vita
1406 1509 1690 1576 animalis,
1722 1525 1901 1582 quam
1923 1508 2243 1581 explanan-

270 1600 409 1657 dam
452 1599 570 1656 iam
611 1597 974 1673 suscipimus,
1903 1624 1905 1627 ·

1111 1793 1317 1834 CAPUT
1361 1794 1397 1832 1.

274 1900 476 1959 OBSF
482 1899 958 1957 RVATIONES
1002 1898 1633 2046 INIxSJTITUUNTUR
1676 1899 1927 1958 CIRCA
1972 1901 2246 1957 VITAM

304 2037 350 2043 .,
1016 1990 1072 2044 Α
1137 1989 1469 2045 IMALEM
2236 2030 2242 2033 -

1050 2138 1382 2186 ARTICULUS
1422 2151 1457 2186 1.

335 2222 921 2338 OBSERVATIONES
960 2251 1488 2303 INSTITUUNTUR
1526 2251 2179 2301 PSYCHOLOGICAE¹.

683 2389 717 2454 ξ
762 2404 803 2440 1.
870 2393 1029 2441 Circa
1067 2393 1453 2455 cognitionem
1492 2390 1847 2442 sensitivam.

397 2515 441 2571 I.
506 2523 664 2572 Circa
718 2524 1098 2573 sensationem
1156 2533 1457 2574 externam.
1522 2531 1589 2555 ³-
1652 2516 2089 2575 Observatione
2153 2536 2248 2574 co·

275 2597 500 2660 tidiana
543 2615 912 2678 compertum
969 2603 1256 2663 habemus
1298 2622 1392 2663 res
1448 2615 1719 2663 externas
1759 2606 1954 2705 primo
1997 2624 2032 2662 a
2074 2606 2247 2663 nobis

277 2691 649 2766 apprehendi
705 2710 821 2766 ope
877 2712 1224 2765 organorum
1245 2694 1295 2765 ²,
1355 2712 1508 2768 quae
1567 2694 1822 2752 exterius
1874 2694 1935 2751 in
1993 2712 2245 2769 corpore

403 2868 418 2899 ¹
458 2870 820 2934 Psyclzologicas
855 2887 1091 2919 vocamus
1128 2871 1506 2920 observationes
1546 2872 1686 2931 illas,
1746 2888 1875 2936 quae
1909 2872 1973 2919 ab
2014 2873 2243 2922 omnibus

278 2949 590 3014 experientia
627 2950 882 2997 cotidiana
908 2951 1246 3011 instituuntur,
1287 2951 1491 3016 quando
1518 2910 1813 3016 simpliciter
1841 2953 1948 3000 sine
1972 2953 2242 3001 reflexione

279 3029 556 3099 scientifica
593 3030 861 3077 attendunt
898 3031 962 3078 ad
1002 3046 1074 3089 ea,
1116 3046 1245 3095 quae
1286 3031 1336 3079 in
1375 3032 1498 3095 ipsis
1535 3032 1676 3080 fiunt.
1730 3032 1875 3094 Quae
1914 3031 2121 3096 quidem
2147 3033 2241 3079 vul-

279 3110 413 3174 garis
451 3110 739 3158 observatio
777 3110 1098 3174 distinguitur
1147 3112 1212 3159 ab
1263 3112 1699 3174 observationibus
1750 3112 2066 3172 scientificis,
2123 3127 2240 3177 quae

280 3191 406 3239 fiunt
443 3207 472 3237 a
508 3190 844 3254 physiologis,
895 3192 1089 3254 quoties
1141 3192 1424 3240 functiones
1475 3201 1667 3241 nostras
1705 3193 1883 3241 vitales
1921 3191 2239 3255 explicandas

281 3269 574 3334 suscipiunt.
650 3270 800 3318 Hanc
838 3270 1042 3318 alteram
1079 3271 1448 3320 observationis
1498 3274 1719 3335 speciem
1775 3288 2011 3320 vocamus
2055 3274 2238 3337 physio-

283 3352 499 3411 logicam.
648 3346 668 3377 2
707 3349 844 3409 Quid
883 3350 948 3397 sit
985 3367 1245 3413 organum,
1288 3368 1440 3415 supra
1478 3351 1784 3400 declaratum
1822 3360 1899 3400 est
1936 3369 1985 3415 p.
2035 3365 2112 3400 12.
