2367 3850
29 3199 78 3345 Gan-—
29 2961 50 3137 =·-›-1.-
27 2691 62 2885 ,oum
28 2501 88 2645 monz
25 2319 62 2457 Εξς

31 3472 59 3489 X

32 3722 59 3807 Ἢ»

858 899 1504 1006 INDEX.

1073 1125 1104 1132 —-

719 1255 1638 1334 ANTHROPOLOGIA.

195 1383 552 1433 Praenotiones
857 1421 865 1430 .
1014 1419 1025 1432 .
1177 1421 1188 1430 .
1338 1420 1347 1430 .
1500 1419 1509 1429 .
1659 1418 1670 1428 .

789 1557 944 1600 PARS
988 1557 1195 1612 PRIOR,
1242 1557 1414 1609 QUAE
1458 1556 1587 1612 EST,

896 1661 1461 1727 ANALYTICA.

1058 1827 1227 1864 LIBER
1267 1827 1303 1864 1.

417 1931 514 1979 DE
551 1930 838 1991 HQMINE
876 1930 968 1980 UT
1005 1928 1134 1979 EST
1173 1928 1443 1979 CORPUS
1480 1928 1737 1979 VIVENS
1774 1930 1946 1978 VITA

943 2010 1423 2059 VEGETATIVA.

193 2143 360 2207 Caput
444 2143 483 2191 1.
538 2143 934 2193 Observationes
969 2144 1299 2193 instituuntur
1322 2143 1456 2193 circa
1480 2144 1635 2193 vitam
1658 2144 1989 2208 vegetativam

264 2224 374 2271 Art.
456 2223 496 2271 Ι.
548 2223 852 2272 Nutritionis
889 2223 1058 2272 brevis
1095 2223 1350 2273 enarratio

262 2304 374 2353 Art.
427 2302 494 2351 Π.
547 2303 990 2367 Augmentationis
1029 2312 1080 2353 et
1125 2303 1473 2369 generationis
1522 2304 1693 2353 brevis
1740 2302 1993 2353 enarratio

263 2383 372 2432 Art.
403 2382 491 2433 111.
547 2383 840 2447 Organismi
879 2384 1178 2449 compositio
1218 2384 1441 2433 chemica
1496 2421 1505 2433 .

191 2524 360 2587 Caput
425 2523 491 2574 11.
544 2523 736 2572 Natura
773 2523 905 2572 vitae
942 2525 1257 2589 vegetativae
1301 2524 1655 2589 philosophice
1707 2526 1993 2575 declaratur

261 2604 374 2652 Art.
456 2603 495 2651 Ι.
549 2604 632 2651 De
667 2604 1044 2667 operationibus
1079 2607 1212 2654 vitae
1247 2605 1562 2671 vegetativae
1652 2643 1662 2654 .

371 2678 408 2747 ξ
452 2696 494 2731 1.
547 2682 814 2732 Elementa
849 2684 1135 2734 essentialia
1173 2686 1527 2735 discernuntur

371 2760 408 2828 ξ
447 2776 493 2811 2.
546 2762 882 2813 Definitiones
921 2764 1243 2813 declarantur
1336 2803 1345 2813 .

263 2844 376 2893 Art.
428 2844 492 2891 H.
546 2844 628 2892 De
665 2844 988 2893 facultatibus
1023 2846 1364 2910 vegetantium

263 2924 376 2972 Art.
403 2923 492 2972 ΙΠ.
546 2924 629 2973 De
667 2924 917 2989 principio
955 2925 1132 2973 ultimo
1176 2925 1531 2990 operationum
1576 2927 1989 2991 vegetativarum,

621 3004 727 3053 sive
765 3006 830 3053 de
869 3013 1048 3054 natura
1084 3005 1425 3069 vegetantium
1497 3044 1506 3054 .

265 3108 508 3158 Scholion
559 3110 599 3159 1.
653 3110 734 3159 De
771 3111 938 3159 anima
1015 3148 1024 3157 .
1498 3150 1507 3160 .
1658 3152 1668 3161 .
1818 3152 1827 3162 .
1979 3152 1988 3162 .

531 3189 597 3239 11.
649 3190 732 3238 De
770 3190 1107 3240 divisibilitate
1145 3190 1381 3257 principii
1419 3192 1549 3241 vitae
1588 3194 1901 3257 vegetativae
1979 3232 1988 3242 .

195 3326 358 3392 Caput
384 3327 477 3377 111.
531 3328 678 3389 Quae
715 3330 779 3377 de
816 3330 1039 3390 homine,
1080 3338 1134 3377 ut
1172 3339 1251 3379 est
1290 3345 1472 3393 corpus
1497 3332 1691 3395 vivens,
1730 3334 1991 3398 hucusque

587 3419 843 3473 comperta
881 3419 1011 3471 sunt,
1051 3403 1277 3458 breviter
1313 3409 1630 3460 declarantur
1658 3452 1667 3460 .

2109 2318 2164 2353 11

2108 2398 2167 2447 Ι3

2107 2539 2169 2586 14

2104 2620 2165 2666 14

2105 2700 2168 2746 14

2108 2778 2167 2828 17

2108 2860 2169 2907 19

2104 3020 2171 3055 20

2103 3126 2168 3161 22

2104 3206 2167 3241 22

2101 3423 2167 3471 23
