2367 3850
624 197 704 234 DE
741 196 1166 234 FACULTATIBUS
1208 195 1643 236 vEGE‘rAN‘er.
2054 198 2116 248 19

131 361 204 402 ex
245 344 317 402 iis
331 392 344 416 ,
407 363 566 420 quae
609 363 789 420 supra
829 343 1081 403 diximus
1123 343 1287 404 circa
1327 345 1725 404 constantiam
1764 345 2118 404 evolationis

131 433 586 492 individuorum
615 434 880 493 eiusdem
909 432 1150 508 speciei,
1181 434 1321 492 satis
1340 445 1475 492 sunt
1501 434 1820 492 declarata.
1867 433 2049 508 Quod
2068 433 2117 492 si

129 539 597 599 nonnumquam
636 522 908 581 videmus
948 520 1211 582 viventia
1251 521 1551 598 quaedam
1591 523 1926 598 procedere
1968 542 2005 580 a
2039 523 2117 582 vi-

127 613 412 671 ventibus
453 611 726 670 diversae
767 611 1010 687 speciei,
1054 621 1200 687 puta
1224 629 1459 670 vermes
1487 612 1741 687 produci
1768 611 1833 670 in
1860 630 2118 688 corpore

128 701 299 760 canis
328 719 385 760 e.
417 720 497 776 g.,
539 702 706 758 nulla
730 701 845 759 hac
874 701 938 758 in
965 718 1029 760 re
1061 701 1321 759 occurrit
1357 700 1689 760 difficultas
1748 701 2117 776 Cuicumque

130 791 297 848 enim
340 791 499 848 haec
541 790 744 848 omnia
784 799 949 848 recte
989 789 1331 848 observanti
1359 790 1517 849 clare
1547 790 1860 867 apparebit
1885 808 2117 850 vermes

128 879 264 938 illos
307 889 370 938 in
413 896 550 937 cane
588 903 624 936 a
667 879 964 948 vermibus,
1008 897 1136 936 non
1179 888 1378 938 autem
1420 899 1457 937 a
1497 897 1647 938 cane
1687 879 1980 954 generari.

917 1039 1251 1087 AR‘rchLus
1290 1049 1349 1088 11.

499 1151 598 1200 DE
638 1151 1170 1202 FACULTATIBUS
1210 1151 1746 1204 VEGETANTIUM.

257 1264 666 1342 operationes
693 1267 900 1325 vitales
940 1266 1002 1326 in
1030 1267 1444 1342 vegetantibus
1472 1267 1688 1326 scimus
1728 1284 1853 1326 non
1882 1285 2120 1344 semper

130 1375 268 1416 esse
297 1355 364 1413 in
393 1364 547 1427 actu,
577 1355 684 1414 sed
712 1357 781 1414 de
793 1358 1054 1432 potentia
1081 1359 1334 1414 tt‘ansire
1351 1356 1437 1414 ad
1446 1363 1643 1414 actmn.
1692 1355 2119 1417 Admittendae

127 1445 400 1521 proinde
443 1454 580 1502 sunt
620 1445 682 1503 in
722 1445 868 1520 ipsis
895 1447 1186 1522 potentiae
1224 1446 1502 1520 quaedam
1555 1445 1883 1504 subiectivae
1926 1455 2117 1523 opera·

130 1537 311 1604 tivae,
355 1554 394 1592 a
434 1537 648 1612 quibus
690 1535 1069 1610 operationes
1110 1534 1247 1594 illae
1291 1534 1624 1610 procedant
1647 1535 1680 1592 ¹.

258 1625 575 1686 Potentiae
615 1613 813 1682 'autem
865 1623 1002 1682 illae
1049 1623 1411 1682 subiectivae
1465 1622 1742 1683 dicuntur
1782 1622 2114 1697 facultates.

131 1715 294 1772 Tres
321 1715 582 1790 proinde
611 1713 890 1788 distingui
918 1722 1167 1788 possunt
1185 1713 1493 1772 facultates
1510 1712 1910 1787 vegetativae:
1940 1713 2117 1770 nutri-

132 1803 279 1875 tiva,
325 1802 783 1879 augmentativa,
826 1801 1190 1877 generativa.

260 1894 479 1953 Utrum
522 1910 666 1953 vero
709 1891 1015 1951 facultates
1056 1891 1192 1951 illae
1234 1890 1397 1955 idem
1424 1890 1542 1950 sint
1576 1907 1640 1951 re
1669 1910 1742 1950 ac
1768 1902 1995 1963 natura,
2040 1911 2118 1950 an

133 1984 335 2041 solum
378 1992 679 2058 conceptu
720 1984 798 2040 ab
844 1981 974 2057 ipsa
1014 1980 1476 2055 distinguantur,
1526 1991 1616 2040 est
1654 1982 1923 2056 quaestio
1966 1982 2121 2039 inter

133 2064 534 2148 philosophos
576 2081 978 2142 controversa,
1023 2070 1102 2129 de
1143 2087 1263 2145 qua
1303 2070 1478 2128 nobis
1519 2088 1712 2145 pauca
1753 2080 1886 2129 sunt
1926 2071 2120 2130 decla-

134 2160 350 2233 randa,
384 2179 520 2219 cum
549 2178 760 2219 omnes
787 2160 1045 2219 hominis
1074 2160 1383 2217 facultates
1407 2177 1649 2219 necnon
1670 2159 1906 2218 animae
1926 2177 2121 2219 essen·

132 2249 284 2307 tiam
323 2248 798 2325 cognoverimus,
857 2247 978 2322 Qui
1006 2247 1451 2308 distinctionem
1479 2249 1593 2307 hac
1621 2248 1683 2307 in
1712 2266 1776 2308 re
1804 2248 2121 2307 admittunt

134 2340 386 2411 realem,
417 2340 812 2398 communiter
841 2337 1022 2395 etiam
1041 2337 1265 2396 docent
1284 2339 1505 2397 realem
1525 2356 1655 2397 esse
1677 2338 2117 2397 distinctionem

135 2428 297 2487 inter
338 2427 672 2505 potentiam
711 2426 1076 2497 nutritivam,
1121 2426 1649 2502 augmentativam,
1692 2428 2115 2503 generativam.

260 2516 632 2592 Praecipuae
673 2534 819 2575 vero
863 2532 1070 2578 eorum
1111 2515 1373 2575 rationes
1413 2518 1527 2575 hae
1570 2528 1731 2575 sunt:

271 2613 344 2665 1⁰.
391 2608 484 2663 Ex
526 2605 867 2665 diversitate
908 2604 1329 2681 operationum
1383 2605 1864 2665 concludendum
1912 2618 2001 2666 est
2040 2605 2117 2664 ad

140 2694 552 2753 diversitatem
592 2695 1007 2770 potentiarum.

267 2798 344 2843 2⁰.
378 2783 706 2843 Diversitas
725 2784 908 2843 debet
927 2801 1056 2843 esse
1077 2784 1229 2841 inter
1250 2782 1597 2859 potentiam,
1632 2802 1784 2860 quae
1805 2803 1914 2861 per
1931 2794 2115 2843 totum

139 2873 302 2932 vitae
344 2883 580 2949 tempus
621 2874 794 2932 durat
837 2867 1138 2948 (nutritio),
1185 2882 1247 2931 et
1284 2874 1599 2949 potentias,
1643 2892 1798 2949 quae
1840 2892 1964 2933 non
2006 2873 2119 2932 nisi

139 2962 302 3021 intra
313 2962 623 3021 definitum
635 2971 870 3039 tempus
883 2972 1235 3022 exercentur
1252 2957 1677 3038 (augmentatio
1691 2973 1751 3022 et
1765 2958 2112 3039 generatio).

267 3052 550 3118 Admissa
591 3062 789 3111 autem
830 3050 1213 3110 distinctione
1255 3051 1357 3110 illa
1397 3051 1542 3110 reali
1592 3054 1745 3111 inter
1791 3052 2117 3128 potentiam

144 3151 204 3199 et
232 3139 571 3213 essentiam,
603 3142 849 3199 facultas
873 3140 1177 3200 definitur:
1218 3142 1565 3217 principium
1580 3144 1911 3217 proximum
1929 3150 2117 3217 opera-

269 3294 290 3330 1
327 3302 518 3351 Recole
556 3318 644 3361 ea,
702 3317 831 3365 quae
868 3302 933 3350 de
970 3300 1182 3349 diversis
1219 3301 1478 3365 potentiae
1516 3302 1781 3363 speciebus
1818 3302 2031 3349 diximus
2066 3301 2115 3347 in

148 3382 428 3446 Ontologia
465 3379 590 3445 (vol.
630 3381 671 3442 Ι,
713 3393 809 3429 221
854 3392 903 3430 et
941 3379 1090 3443 222).

1717 3478 1745 3511 2
1769 3466 1797 3495 Ο

316 3532 353 3551 ³-
