2367 3850
22 0 105 15 ·---=¹
587 0 1005 35 >sq-*ff5-*53‘f-ss-'v‘
1029 0 1044 8 ⁷
1065 0 1127 4 ·’”’
1184 0 1190 1 ’
1215 0 1242 5 “’
1297 0 1308 2 ἡ
1440 0 1444 2 ·
1579 0 1582 1 ’
1651 0 1662 1 ’
1693 0 1766 3 W*
1813 0 1822 1 ’
1896 0 1957 18 v
1983 0 2014 3 ”“
2081 0 2088 4 ·
2131 0 2160 1 Π

120 0 482 62 ’Ἶπμμ
399 42 427 69 .'
465 0 578 65 <R-
692 27 704 34 .

88 225 161 260 DF.
200 226 493 264 TERMINO
530 227 769 265 UNIONIS
808 229 1020 265 CORPUS
1060 229 1236 266 INTER
1262 229 1334 265 ET
1359 230 1596 266 ANIMAM
1625 229 1910 268 VIGENTIS.
1995 231 2086 266 121

220 374 355 448 Qui
394 375 546 432 thesi
595 375 727 433 huic
776 377 1176 447 adversantur,
1236 379 1390 438 inter
1445 377 1703 436 animam
1762 389 1820 438 et
1875 397 2094 455 corpus

94 464 399 522 unionem
454 473 683 522 tantum
746 465 1175 524 accidentalem
1237 484 1366 525 esse
1427 468 1827 540 contendunt,
1892 467 1971 526 ita
2031 480 2094 527 ut

98 551 309 610 anima
371 564 433 610 et
494 571 711 630 corpus
771 555 886 613 sint
944 555 1306 614 substantiae
1373 557 1711 632 completae
1781 557 2093 618 accidente

98 641 397 715 quodam,
440 653 589 718 puta
628 642 863 702 actione
907 645 1185 719 quadam,
1228 646 1447 704 unitae.

222 731 395 790 Talis
439 742 566 790 erat
603 733 761 809 apud
789 743 1021 792 veteres
1049 736 1345 793 sententia
1372 736 1649 808 Platonis,
1698 736 1858 812 apud
1888 754 2093 795 recen-

102 819 289 880 tiores
350 839 497 880 vero
558 822 831 880 doctrina
884 823 1167 895 Cartesii,
1230 824 1326 883 cui
1379 825 1616 902 plurimi
1671 825 2088 885 adhaeserunt.

104 911 279 968 quta
321 929 478 984 quos
521 910 721 969 anima
761 923 851 970 est
891 912 954 969 in
996 931 1255 989 corpore
1289 915 1439 973 sicut
1467 933 1516 973 e.
1548 933 1604 990 g.
1635 925 1817 973 nauta
1847 915 1906 972 in
1934 915 2092 986 navi,

106 1000 381 1074 captivus
411 999 473 1058 in
504 1018 763 1072 carcere,
796 1001 908 1076 ipsi
938 1013 1135 1060 autem
1164 1003 1424 1061 sociatur
1451 1003 1600 1063 sicut
1629 1005 1884 1062 musicus
1909 1005 2090 1080 lyrae,

111 1106 301 1163 eques
344 1107 525 1165 equ0,
570 1091 780 1148 artifex
822 1091 1231 1150 instrumento.

228 1231 442 1282 'rhesis
478 1233 756 1295 probatio.
826 1223 871 1280 I.
932 1223 1192 1282 Directa.

242 1357 291 1394 1.
337 1337 459 1394 Ex·
487 1340 849 1396 conscientiae
883 1341 1208 1398 testimonio,

234 1442 401 1500 Sicut
442 1443 603 1501 enim
648 1463 824 1520 supra
868 1439 946 1520 (p.
999 1442 1133 1519 101)
1178 1445 1668 1517 memoravimuS,
1731 1466 1836 1505 sua
1876 1447 2092 1522 cuique

119 1533 491 1591 conscientia
533 1533 841 1593 evidenter
882 1545 1122 1593 testatur
1163 1536 1394 1593 eundem
1435 1553 1547 1592 esse
1601 1534 1703 1610 qui
1758 1535 1979 1611 cogitet
2035 1547 2093 1594 et

118 1622 219 1696 qui
260 1621 491 1695 sentiat,
539 1632 822 1697 curetque
862 1623 1220 1699 indigentias
1261 1625 1416 1682 vitae
1453 1624 1821 1700 vegetativae
1849 1636 1912 1683 ut
1939 1644 2089 1684 suas,

122 1711 291 1784 Quae
334 1711 528 1770 unitas
571 1711 971 1771 conscientiae
1022 1712 1307 1790 explicari
1361 1731 1486 1772 non
1542 1724 1767 1789 potest,
1824 1713 1938 1772 nisi
1992 1715 2092 1772 ad-

123 1800 417 1859 mittamus
455 1819 639 1878 unum
682 1817 812 1859 esse
851 1801 1059 1860 harum
1103 1803 1520 1878 operationum
1571 1803 1836 1861 omnium
1881 1805 2090 1879 princi-

114 1891 270 1965 pium
313 1891 589 1949 ultimum.

238 1980 602 2055 Principium
644 1982 805 2039 enim
843 1982 1258 2058 operationum
1284 1983 1750 2056 vegetativamm
1780 1994 1839 2040 et
1867 1982 2089 2041 sensiti-

127 2088 321 2127 vamm
351 2080 441 2143 est
470 2070 776 2129 materiale
808 2065 888 2147 (p.
915 2090 988 2128 20
1010 2089 1141 2146 sqq.
1175 2081 1234 2129 et
1253 2073 1329 2142 46
1351 2064 1527 2146 sqq.),
1559 2071 1916 2148 principium
1945 2091 2088 2131 vero

130 2159 531 2233 operationum
561 2159 936 2218 rationalium
967 2171 1055 2219 est
1082 2161 1471 2219 immateriale
1494 2156 1572 2235 (p.
1596 2164 1672 2236 96
1695 2171 1755 2219 et
1779 2177 1885 2237 105
1910 2156 2088 2237 sqq.),

130 2248 287 2307 Idem
326 2248 586 2324 proinde
629 2267 727 2322 ego
768 2248 940 2307 simul
970 2260 1058 2307 est
1086 2250 1390 2307 materiale
1420 2260 1479 2308 et
1507 2249 1910 2308 immateriale.
1971 2251 2091 2309 Sed

132 2355 244 2395 non
283 2347 479 2412 potest
522 2337 746 2413 aliquid
785 2356 915 2397 esse
946 2351 1003 2398 et
1033 2338 1205 2397 simul
1233 2356 1358 2403 non
1389 2356 1516 2397 esse
1546 2339 1706 2397 idem
1737 2338 1844 2397 sub
1874 2339 2089 2398 eodem

134 2437 407 2501 respectu.
465 2428 727 2486 Proinde
769 2437 831 2486 ut
872 2428 1170 2486 sufficiens
1213 2427 1382 2485 huius
1423 2427 1659 2485 unitatis
1688 2428 2089 2487 conscientiae

135 2526 187 2573 et
221 2515 388 2573 simul
430 2516 785 2585 diversitatis
843 2518 1259 2593 operationum
1307 2515 1744 2592 principiorum
1803 2517 2092 2575 habeatur

137 2604 285 2675 rati0‚
329 2604 765 2664 admittendum
809 2616 897 2664 est
937 2606 1172 2664 diversa
1216 2623 1344 2664 esse
1382 2605 1445 2662 in
1473 2605 1647 2663 nobis
1676 2606 2090 2682 operationum

138 2704 451 2751 nostrarum
495 2695 791 2770 principia
832 2693 1105 2771 proxima
1148 2690 1518 2770 (facultates),
1568 2713 1749 2752 unum
1792 2704 1990 2753 autem
2032 2706 2091 2753 et

141 2780 279 2840 idem
322 2782 684 2858 principium
712 2785 983 2842 ultimum
1011 2785 1107 2843 vel
1134 2794 1410 2859 naturam>
1440 2777 1888 2859 (substantiam),
1933 2803 2091 2841 com-

140 2872 371 2943 positum
416 2871 645 2931 scilicet
686 2892 760 2932 ex
800 2874 1001 2931 anima
1042 2871 1330 2950 spirituali
1372 2882 1433 2931 et
1473 2872 1736 2931 materia.

240 2961 552 3019 Praeterea
594 2980 668 3021 ex
710 2962 1114 3021 conscientiae
1170 2962 1512 3021 testimonio
1569 2962 1878 3021 evidenter
1934 2981 2090 3021 com-

141 3060 349 3121 pertum
390 3050 680 3109 habemus
724 3052 961 3109 unicam
991 3070 1120 3110 esse
1150 3052 1212 3109 in
1242 3052 1486 3110 homine
1525 3051 1784 3108 animam
1816 3046 1895 3126 (p.
1936 3047 2087 3126 100).

244 3139 357 3197 Sed
399 3139 601 3198 anima
641 3141 920 3199 sensitiva
963 3159 1097 3199 cum
1142 3158 1397 3217 corpore
1441 3142 1522 3197 ita
1577 3139 1794 3209 unitur,
1852 3151 1914 3198 ut
1972 3158 2092 3197 una

144 3243 203 3281 ex
238 3226 371 3303 ipsis
416 3228 805 3288 constituatur
847 3229 1171 3289 substantia
1215 3224 1292 3307 (p.
1339 3247 1410 3304 47
1445 3222 1578 3304 sq.).

243 3317 398 3391 Ergo
443 3328 503 3375 et
546 3318 745 3377 anima
784 3320 1147 3378 intellectiva
1189 3338 1323 3377 cum
1367 3336 1623 3394 corpore
1676 3335 1856 3374 unam
1911 3318 2092 3375 efficit

146 3404 522 3464 substantiam.
