2367 3850
279 189 385 250 246
911 201 1241 238 'ruzoLofflA
1282 202 1624 239 NATURALIS.

399 343 460 422 d)
521 349 812 407 Patientia
853 359 942 407 est
981 349 1389 408 misericordia
1419 351 1552 421 Dei,
1600 360 1892 425 quatenus
1930 349 1989 407 in
2023 349 2229 407 iniuriis

279 438 602 496 vindictam
631 438 890 509 cohibet,
934 456 1132 513 neque
1159 440 1355 496 statim
1382 439 1569 514 punit.
1620 435 1820 512 (Quae
1847 438 2231 513 metaphorice

280 527 357 585 de
402 527 538 585 Deo
582 527 888 598 dicuntur,
947 527 1088 603 quia
1129 528 1192 584 in
1233 528 1364 603 ipso
1406 545 1529 586 non
1586 538 1722 586 sunt
1774 527 2071 604 passiones
2116 545 2239 585 mo-

285 614 588 675 derandae
620 610 676 690 ¹.)

407 712 700 772 Patientia
745 714 891 784 Dei,
955 723 1249 788 quatenus
1290 715 1351 770 in
1393 713 1606 771 iniuria
1646 713 1748 772 diu
1787 713 2096 772 vindictam
2133 713 2243 771 dif-

285 804 443 862 ferre
485 803 652 874 solet,
699 797 1128 878 paenitentiam
1169 811 1541 878 exspectans,
1588 802 1804 860 dicitur
1844 804 2239 876 longanimitas.

405 895 462 974 e)
513 900 820 958 Clementia
847 901 963 958 Dei
1006 911 1096 959 est
1137 899 1544 959 misericordia
1581 901 1722 972 eiuS,
1769 911 2051 975 quatenus
2086 901 2245 975 igno-

289 990 517 1048 scendo
561 1008 691 1048 sese
735 989 1089 1060 manifestat,
1136 989 1172 1047 i.
1219 1009 1271 1048 e.
1322 1000 1647 1064 «quatenus
1688 1007 1793 1048 reo
1837 1008 2058 1065 poenas
2095 1009 2245 1048 com·

287 1078 527 1138 meritas
567 1080 663 1137 vel
705 1079 1013 1137 condonat
1053 1079 1148 1138 vel
1192 1079 1439 1136 multum
1478 1077 1805 1137 imminuit»
1836 1079 1873 1137 ².

408 1195 460 1250 3.
519 1177 766 1234 Iustitia.
861 1175 1084 1235 Iustitia
1144 1176 1366 1252 duplici
1426 1177 1776 1252 praesertim
1836 1195 2011 1235 sensu
2062 1175 2247 1250 accipi

289 1276 498 1342 potest.
586 1267 774 1324 Sensu
834 1265 994 1324 enirn
1056 1265 1303 1324 omnino
1344 1266 1609 1340 generali
1672 1261 1909 1339 (iustitia
1966 1265 2250 1340 generalis

288 1357 382 1413 vel
425 1353 750 1430 improprie
793 1349 972 1428 dicta)
1029 1353 1174 1412 nihil
1231 1354 1391 1413 aliud
1448 1365 1535 1413 est
1586 1354 1700 1413 nisi
1756 1356 2092 1431 complexus
2130 1371 2249 1410 om-

291 1444 454 1502 nium
515 1445 790 1501 virtutum
809 1490 822 1515 ,
885 1444 980 1501 vel
1042 1444 1429 1502 conformitas
1490 1444 1805 1503 voluntatis
1866 1463 1999 1503 cum
2055 1443 2252 1518 regula

291 1533 658 1592 rectitudinis
700 1543 998 1592 aeternae.
1076 1534 1265 1591 Sensu
1294 1551 1439 1591 vero
1481 1533 1731 1592 iustitiae
1773 1531 2015 1609 proprie
2042 1531 2247 1601 dictae,

292 1634 354 1681 ut
396 1630 483 1681 est
539 1622 812 1698 specialis
865 1621 1046 1680 virtus
1101 1621 1442 1694 cardinaliS,
1501 1622 1807 1681 definitur:
1870 1628 2153 1680 «constans
2192 1638 2256 1676 ac

282 1717 562 1789 perpetua
602 1713 864 1770 voluntas
903 1713 992 1768 ins
1031 1731 1193 1769 sunm
1234 1713 1427 1786 cuique
1461 1713 1774 1770 tribuendi»
1805 1713 1843 1771 ³.
1882 1729 1887 1734 ·

417 1814 543 1868 Iam
598 1827 742 1868 vero
787 1811 984 1867 Deum
1044 1827 1172 1867 esse
1233 1809 1446 1867 iustum
1506 1807 1722 1867 iustitia
1780 1826 1959 1866 sensu
2015 1807 2253 1865 omnino

296 1898 560 1976 generali
604 1907 853 1975 accepta
870 1946 884 1970 ,
949 1907 1179 1957 constat
1221 1915 1294 1957 ex
1335 1897 1434 1971 iis,
1497 1915 1652 1973 quae
1695 1896 1855 1957 circa
1896 1896 2253 1956 sanctitatem

295 1990 420 2049 eius
461 2007 638 2064 supra
679 1988 949 2047 diximus·

418 2086 639 2161 Quoad
699 2085 976 2144 iustitiam
1017 2103 1161 2144 vero
1218 2085 1463 2161 proprie
1506 2084 1729 2143 dictam
1783 2082 2255 2160 distinguendum

299 2187 402 2235 est.
488 2179 559 2233 In
601 2177 737 2233 Deo
781 2193 904 2232 non
946 2185 1144 2250 potest
1185 2192 1315 2233 esse
1375 2174 1622 2246 iustitia,
1681 2192 1836 2249 quae
1879 2172 2093 2231 dicitur
2135 2190 2258 2229 com-

298 2267 577 2323 mutativa
618 2264 712 2323 vel
755 2264 972 2335 stricta,
1020 2282 1174 2339 quae
1218 2263 1487 2322 consistit
1526 2264 1590 2320 in
1630 2265 1934 2321 voluntate
1978 2260 2257 2321 constanti

300 2353 598 2412 tribuendi
642 2352 817 2411 alicui
857 2354 948 2410 ius
985 2372 1147 2410 suum
1175 2356 1429 2411 strictum
1456 2354 1552 2411 vel
1558 2352 1882 2428 perfectum
1906 2355 1928 2385 ⁴
1942 2374 1963 2423 ,·
2005 2360 2257 2410 creatura

301 2445 462 2503 enim
503 2444 728 2500 nullum
770 2444 953 2501 habet
981 2442 1069 2499 ius
1098 2442 1361 2510 strictum
1390 2442 1633 2500 relative
1663 2440 1740 2499 ad
1771 2443 1987 2513 Deum,
2032 2438 2257 2507 etenim,

301 2544 363 2591 ut
405 2532 551 2591 dicit
593 2534 916 2608 Apostolus
961 2527 1158 2607 (Rom.
1213 2552 1301 2602 11,
1348 2526 1477 2607 35):
1538 2529 1729 2605 «Quis.
1763 2530 1928 2606 prior
1966 2530 2132 2589 dedit
2169 2527 2257 2597 illi,

301 2635 361 2682 et
401 2622 752 2681 retribuetur
795 2622 906 2680 ei.»
1568 2623 1571 2627 '

305 2835 518 2892 possunt
554 2842 642 2885 ea,
696 2842 825 2890 quae
863 2826 1062 2874 Lessius
1101 2822 1208 2889 (De
1257 2826 1383 2889 perf.
1424 2825 1522 2873 div.
1562 2824 1594 2873 1.
1635 2820 1759 2887 XII)
1807 2822 2143 2888 pulcherrime
2176 2820 2260 2867 hac

307 2908 370 2956 de
395 2924 450 2957 re
477 2907 698 2971 exponit,
725 2907 1040 2955 recensendo
1065 2906 1340 2971 praecipua
1364 2906 1469 2954 eius
1494 2920 1667 2969 opera,
1695 2902 1833 2953 velut
1858 2902 2255 2957 Incarnationem,

308 2986 671 3037 Eucharistiam
709 2994 805 3035 etc.

435 3067 451 3098 ¹
490 3068 568 3116 Cf.
607 3083 758 3131 supra
793 3084 844 3131 p.
891 3067 1004 3128 196.
1070 3066 1148 3115 Cf.
1189 3066 1339 3115 etiam
1376 3066 1575 3116 Lessius
1606 3065 1642 3113 1.
1682 3080 1725 3114 c.
1764 3063 1797 3112 l.
1836 3064 1953 3127 XV,
1994 3080 2038 3113 c.
2078 3075 2154 3111 20.

431 3147 452 3178 ²
487 3149 684 3197 Lessius
722 3148 754 3196 1.
796 3164 838 3197 c.

427 3228 448 3259 ³
485 3230 650 3287 Marc,
689 3228 905 3277 Institut.
946 3228 1159 3277 morales
1196 3229 1235 3287 Ι,
1276 3215 1326 3276 ix.
1368 3226 1487 3290 398.

431 3308 454 3341 ⁴
491 3308 630 3367 Quid
667 3308 734 3355 sit
767 3308 845 3355 ius
886 3308 1164 3371 perfectum
1180 3344 1192 3367 ,
1246 3306 1370 3371 quid
1408 3306 1488 3354 ius
1522 3305 1871 3370 imperfectum
1891 3342 1903 3365 ,
1950 3299 2252 3353 declarabitur

313 3389 362 3433 ἠ
399 3387 583 3434 ethica.
