2367 3850
80 0 129 246 ἶ
376 189 850 226 OBSERVATIONES
889 189 1321 228 INSTITUUNTUR
1362 191 1831 229 PHYSIOLOGICAE.
2026 191 2089 240 41

78 253 83 362 Ι

76 375 80 410 ,
225 336 588 395 Reflectorii
644 348 836 396 motus
889 356 1012 396 non
1069 337 1411 398 necessario
1468 357 1679 398 omnes
1730 359 1803 398 ex
1844 340 2099 399 cerebro

74 497 76 500 y
128 426 400 498 oriuntur,
441 426 550 485 sed
579 437 830 502 possunt
857 445 930 486 ex
957 428 1221 486 medulla
1248 428 1603 503 procedere,
1642 438 1705 486 ut
1736 428 2101 488 reflectorius

74 515 77 524 ’
128 516 208 589 qui
253 515 478 574 dicitur
521 515 878 574 medullaris.
950 519 1223 576 Motuum
1264 534 1408 576 vero
1449 524 1885 593 spontaneorum
1924 518 2098 576 sedes

126 615 195 662 est
252 607 591 664 cerebrum.
677 605 876 663 Debet
931 605 1093 664 enim
1135 623 1266 666 esse
1307 606 1423 678 ibi,
1479 606 1583 664 ubi
1638 617 1727 666 est
1783 606 2095 683 appetitus

125 714 146 750 a
185 711 312 769 quo
355 693 727 768 imperantur
779 696 926 752 tales
982 704 1191 754 motus.
1278 695 1399 754 Sed
1453 695 1749 771 appetitus
1806 713 2097 771 organum

125 802 184 841 ex
225 783 330 854 iis,
394 801 549 858 quae
592 802 772 859 supra
813 783 1098 856 diximus,
1142 784 1361 844 scimus
1402 801 1533 844 esse
1575 784 1907 844 cerebrum.
1990 785 2099 844 Vis

124 883 310 931 autem
354 883 552 930 motus
592 873 726 931 illos
767 891 1100 948 exsequens
1153 874 1248 932 vel
1290 872 1608 934 traducens
1650 873 1865 933 diffusa
1904 885 1993 934 est
2034 873 2095 932 in

123 961 395 1020 musculis
440 971 502 1021 et
539 962 776 1021 lacertis
819 973 878 1022 et
917 963 1116 1021 nervis
1157 963 1583 1022 membrorum.
1642 963 1895 1022 Musculi
1935 964 2097 1022 enim

121 1070 248 1110 cum
289 1051 516 1110 centris
556 1051 826 1110 motoriis
866 1051 928 1110 in
969 1053 1223 1112 cerebro
1262 1052 1463 1110 nervis
1496 1053 1763 1111 motoriis
1792 1053 2095 1112 coniuncti

120 1152 276 1212 sunt,
325 1142 408 1199 ita
450 1150 540 1212 ut,
599 1141 647 1198 si
688 1140 855 1199 nervi
897 1142 976 1199 ab
1017 1141 1108 1200 his
1147 1140 1415 1218 partibus
1456 1151 1591 1200 sunt
1630 1142 1919 1217 separati,
1978 1143 2095 1200 iam

119 1231 259 1289 nihil
301 1230 383 1289 ad
423 1230 755 1289 movendos
797 1232 1091 1290 musculos
1131 1233 1385 1290 valeant.
1462 1233 1553 1289 Ex
1596 1230 1687 1289 his
1726 1231 1947 1290 centris
1986 1231 2095 1290 sub

120 1321 336 1378 influxu
379 1319 784 1396 perceptionis
825 1331 884 1379 et
925 1320 1311 1396 appetitionis
1350 1321 1439 1378 vis
1480 1320 1767 1379 movendi
1812 1319 1893 1379 ad
1946 1338 2098 1378 mus·

119 1411 279 1468 culos
321 1408 732 1468 transmittitur
759 1411 792 1467 ¹.

235 1507 744 1565 Localizationem
785 1507 1048 1582 denique
1096 1517 1439 1566 centrorum
1496 1506 1887 1565 motoriorum
1930 1507 2094 1582 quod

126 1596 344 1667 attinet,
388 1597 634 1672 longum
677 1606 765 1655 est
805 1614 1018 1655 omnes
1043 1595 1535 1672 physiologorum
1563 1596 1941 1672 opinationes
1982 1597 2095 1656 hac

128 1687 200 1744 de
242 1705 307 1744 re
349 1687 592 1744 referre.
677 1685 1026 1744 Generatim
1069 1696 1268 1744 autem
1307 1686 1438 1762 ipsa
1493 1685 1555 1743 in
1602 1685 1929 1744 substantia
1968 1703 2095 1744 cor·

125 1774 278 1834 ticali
318 1785 652 1852 reponunt,
709 1775 849 1833 dum
893 1775 1257 1834 cerebellum
1300 1773 1696 1833 communiter
1746 1774 1971 1833 docent
2012 1775 2095 1833 in·

127 1865 336 1924 servire
391 1863 473 1922 ad
529 1875 726 1923 motus
779 1864 1107 1924 secundum
1168 1864 1592 1942 perceptiones
1646 1863 1877 1924 habitas
1932 1873 2093 1922 recte

129 1953 532 2030 disponendos
575 1966 634 2013 et
675 1954 1121 2013 coordinandos
1140 1954 1177 2013 ³.

237 2114 530 2163 Scholion.
605 2106 706 2163 De
748 2114 1014 2180 processu
1047 2107 1328 2179 generali,
1387 2104 1683 2163 secundum
1728 2120 1887 2178 quem
1911 2104 1999 2177 fit
2034 2103 2095 2159 in

128 2195 272 2251 nobis
309 2196 556 2253 sensatio
575 2194 611 2251 ⁸.

232 2316 620 2392 Experientia
673 2314 983 2375 evidenter
1037 2328 1271 2377 constat
1328 2316 1728 2376 sensationem
1784 2331 1910 2372 non
1967 2312 2095 2372 fieri

126 2424 210 2478 e0,
253 2406 415 2482 quod
455 2407 727 2483 potentia
755 2405 1052 2465 sentiendi
1096 2426 1128 2465 e
1170 2406 1348 2465 nobis
1391 2415 1650 2465 transeat
1692 2404 1769 2463 ad
1799 2422 1944 2473 rem,
1988 2401 2094 2460 sed

127 2512 210 2566 e0,
268 2495 431 2571 quod
475 2514 572 2554 res
621 2495 861 2571 cognita
903 2505 993 2555 est
1048 2496 1499 2570 quodammodo
1556 2496 1616 2552 in
1671 2494 1878 2565 nobiS,
1936 2492 2095 2549 iuxta

127 2583 259 2643 illud
299 2585 660 2661 principium
689 2586 975 2644 Scholae:
1027 2586 1287 2658 Cognitio
1327 2585 1597 2657 contingit
1624 2584 1920 2641 secundum
1947 2580 2102 2655 quod

129 2676 389 2746 cognitum
430 2682 514 2732 est
550 2676 612 2732 in
653 2676 771 2750 ipso
812 2681 1172 2747 cognoscente.
1260 2673 1614 2749 Experimur
1669 2672 1829 2730 enim
1886 2686 2094 2744 opera-

129 2762 340 2821 tionem
366 2764 526 2822 illam
557 2763 915 2839 cognitionis
943 2781 1070 2822 esse
1100 2763 1161 2821 in
1191 2762 1366 2821 nobis
1394 2762 1807 2837 operationem
1844 2758 2087 2818 vitalem.

249 2972 266 3003 ¹
299 2976 460 3025 Huius
509 2976 583 3025 rei
634 2976 1152 3041 repraesentationem
1198 2974 1493 3023 sensibilem
1538 2972 1697 3020 habes
1741 2971 1790 3019 in
1835 2970 2089 3020 schemate

138 3063 341 3104 motuum
377 3056 459 3122 fig.
506 3070 572 3106 10
609 3064 1003 3122 repraesentato.

245 3132 266 3164 ²
299 3136 394 3198 Qui
441 3138 592 3203 plura
641 3138 705 3186 de
757 3138 853 3186 hac
891 3152 946 3185 re
983 3136 1155 3201 legere
1195 3135 1478 3193 desiderat,
1534 3132 1683 3181 adeat
1720 3131 1937 3179 Mercier
1970 3129 2002 3176 1.
2044 3144 2086 3177 c.

137 3230 181 3276 p.
223 3216 316 3265 180
351 3234 457 3282 sqq.
522 3218 650 3267 Item
688 3218 913 3266 Landois
950 3217 984 3266 1.
1025 3231 1068 3265 c.
1108 3233 1158 3280 p.
1204 3215 1305 3275 784
1344 3222 1393 3262 et
1433 3212 1555 3274 813.

248 3294 268 3325 ⁸
302 3298 378 3345 De
413 3298 510 3347 hac
547 3314 602 3346 re
640 3299 788 3363 plura
839 3298 1066 3346 invenies
1113 3296 1250 3360 apud
1288 3294 1507 3343 Mercier
1542 3292 1574 3339 l.
1615 3306 1657 3337 c.
1696 3306 1747 3353 p.
1796 3298 2087 3350 132—139.

141 3372 337 3425 Lehmen
373 3378 405 3427 1.
445 3394 488 3427 c.
529 3378 597 3440 11,
639 3378 740 3440 287
783 3394 894 3442 sqq.
