2367 3850
999 203 1198 240 INDEX.
2010 203 2085 239 XV

1979 345 2043 386 Pa
2076 375 2088 386 .

283 403 321 471 ἓ
364 419 412 455 2.
467 405 550 454 De
608 404 804 453 iuribus
859 413 910 454 et
965 403 1143 454 officiis
1198 404 1461 469 potestatis
1516 403 1679 454 civilis
1741 403 1877 454 circa
2044 360 2075 397 g

541 485 743 534 scholas
895 523 908 534 .
1057 523 1067 534 .
1218 523 1228 533 .
1379 521 1389 533 .
1540 523 1549 533 .
1702 523 1711 532 .
1861 521 1873 533 .
1986 485 2089 547 346

289 563 328 631 ξ
369 577 416 628 3.
470 566 553 615 De
592 565 701 614 iure
737 581 956 629 poenam
993 565 1167 615 mortis
1204 565 1459 614 statuendi
1540 605 1549 613 .
1703 603 1713 612 .
1864 602 1873 612 .
1987 575 2085 628 351

168 648 287 696 Art.
344 647 412 695 11.
465 646 548 696 De
587 645 766 694 officiis
803 654 852 694 et
891 645 1083 694 iuribus
1121 644 1441 695 subditorum
1540 683 1549 694 .
1702 683 1711 692 .
1862 683 1872 694 .
1986 655 2087 708 353

91 771 275 834 Caput
316 770 410 818 ΙΙΙ.
464 771 546 818 De
585 770 690 818 iure
728 769 1104 818 internationali
1216 806 1227 816 .
1377 807 1386 816 .
1540 806 1549 817 .
1702 807 1709 816 .
1860 807 1871 818 .
1985 777 2049 830 35
2058 777 2085 830 5

169 851 288 898 Art.
376 850 415 896 I.
469 849 600 898 Iuris
638 849 1044 898 internationalig
1077 849 1219 897 notio
1256 858 1309 899 et
1345 848 1638 899 exsistentia
1700 887 1710 896 .
1860 887 1871 897 .
1986 857 2085 911 355

170 931 289 978 Art.
345 930 412 977 ΙΙ.
466 930 548 977 De
586 929 727 978 bello
892 967 902 977 .
1055 966 1064 976 .
1216 967 1225 976 .
1378 968 1387 976 .
1538 967 1548 978 .
1699 966 1709 977 .
1860 926 1913 976 .”
1986 938 2085 991 357

289 1007 326 1074 ξ
373 1022 416 1058 1.
467 1000 597 1058 Belli
634 1009 777 1058 notio
815 1019 864 1058 et
903 1009 1098 1074 species
1217 1048 1226 1056 .
1379 1049 1385 1055 .
1539 1047 1549 1057 .
1700 1047 1710 1056 .
1860 1046 1870 1056 .
1985 1017 2085 1070 357

290 1087 327 1154 ξ
369 1103 414 1138 2.
470 1089 552 1137 De
590 1089 806 1139 liceitate
845 1090 970 1138 belli
1059 1127 1070 1138 .
1221 1128 1229 1137 .
1380 1127 1389 1137 .
1542 1126 1551 1137 .
1702 1125 1712 1137 .
1862 1126 1872 1137 .
1986 1087 2089 1151 358

171 1171 291 1221 Art.
318 1171 413 1218 ΙΙΙ.
467 1170 549 1218 De
587 1169 758 1218 sociali
795 1169 986 1219 unione
1023 1170 1251 1235 gentium
1289 1169 1644 1218 constituenda
1675 1157 1712 1216 ⁶.
1860 1208 1869 1217 .
1986 1168 2089 1230 360

289 1245 327 1314 ξ
373 1263 414 1299 1.
469 1251 552 1298 De
590 1251 831 1299 societate
870 1249 1007 1299 civili
1046 1250 1417 1299 internationali
1542 1288 1552 1298 .
1704 1287 1713 1297 .
1862 1286 1871 1297 .
1984 1247 2090 1311 360

289 1326 327 1396 g
369 1343 416 1380 2.
471 1331 553 1378 De
591 1329 828 1378 tribunali
868 1330 1242 1380 internationali
1379 1368 1388 1378 .
1540 1367 1549 1376 .
1700 1369 1708 1377 .
1861 1367 1872 1377 .
1986 1329 2089 1392 362

213 1453 380 1502 Index
418 1453 766 1519 alphabeticus
885 1490 894 1500 .
1046 1491 1056 1500 .
1209 1491 1218 1500 .
1368 1490 1378 1500 .
1530 1490 1538 1500 .
1690 1491 1699 1500 .
1861 1491 1871 1501 .
1986 1453 2089 1516 364
