2367 3850
114 207 181 242 DE
216 209 503 248 TERMINO
546 212 785 252 UNIONIS
825 213 1035 250 CORPUS
1073 215 1246 251 INTER
1276 216 1347 252 ET
1373 217 1610 254 ANIMAM
1637 219 1923 256 VIGENTIS.
2007 221 2102 271 123

114 355 193 413 sui
232 357 433 434 ipsius
477 359 588 416 sed
617 361 797 429 Verbi,
844 361 937 420 cui
966 360 1173 421 ultimo
1205 363 1536 424 tribuuntur
1564 365 1830 425 actiones
1857 379 2104 429 naturae

116 445 417 506 humanae
438 493 452 519 ,
514 458 573 506 et
616 449 780 523 quod
822 449 1082 526 ipsarum
1125 453 1457 512 dominium
1501 453 1708 525 habet,
1765 466 1830 514 ut
1871 469 2106 516 constat

116 552 181 592 ex
220 537 603 596 revelatione
648 538 865 598 divina.

224 679 446 729 'rhesis
482 682 753 743 probatio.
837 673 1145 732 Assertum
1189 686 1456 734 nostrum
1498 675 1742 752 probari
1785 688 2016 753 potest:

240 807 291 842 1.
336 786 727 862 Experientia
766 790 996 846 interna
1036 797 1093 847 et
1130 799 1386 850 externa.
1463 791 1884 852 Conscientiae
1941 791 2102 851 enim

120 874 463 934 testimonio
506 876 817 936 evidenter
859 890 1234 954 compertum
1262 881 1551 941 habemus
1579 881 1844 941 diversas
1872 893 2103 940 nostras

123 964 392 1022 actiones
434 981 636 1039 neque
678 967 951 1042 corpori,
1012 986 1214 1043 neque
1271 971 1538 1042 animae,
1596 989 1794 1046 neque
1851 969 1947 1030 alii
1990 973 2109 1028 enti

126 1052 419 1129 superiori
458 1056 657 1113 ultimo
698 1055 905 1127 tribui,
959 1057 1067 1116 sed
1110 1058 1224 1134 ipsi
1266 1062 1633 1135 compositO,
1679 1061 1716 1118 i.
1761 1080 1811 1120 e.
1856 1071 2102 1119 naturae

126 1141 201 1198 illi
244 1144 618 1218 completae,
684 1163 836 1220 quae
879 1146 1063 1205 homo
1106 1147 1338 1206 dicitur.
1423 1149 1692 1210 Dicimus
1751 1150 1941 1209 enim:
2005 1167 2102 1224 ego

128 1225 249 1306 (qui
291 1251 421 1290 sum
464 1229 670 1308 homo)
713 1236 953 1295 ambulo
972 1282 985 1306 ,
1043 1255 1141 1310 ego
1191 1239 1417 1310 senti03
1476 1239 1620 1296 idem
1661 1240 1756 1297 ille
1797 1258 1894 1312 ego
1935 1238 2103 1297 intel-

124 1323 277 1396 leg0,
320 1323 480 1393 volo,
525 1341 649 1380 mea
690 1324 892 1382 anima
933 1324 1239 1402 intellegit.

241 1413 395 1470 Item
438 1412 666 1473 conscii
708 1433 906 1472 sumus
945 1415 1089 1473 illud
1134 1434 1250 1491 ego
1308 1415 1387 1474 ita
1442 1434 1569 1476 esse
1627 1417 1714 1476 sui
1769 1417 1980 1494 ipsius,
2041 1426 2102 1474 ut

129 1519 250 1559 non
293 1501 366 1560 sit
408 1501 574 1560 alius,

249 1591 432 1663 Quod
462 1592 707 1666 quidem
737 1593 1047 1669 proprium
1076 1604 1344 1652 nostrum
1372 1595 1674 1655 dictamen
1695 1593 2098 1654 conscientiae

133 1681 511 1738 confirmatur
552 1683 817 1740 omnium
873 1683 1181 1741 hominum
1239 1702 1566 1756 consensu,
1626 1695 1688 1743 ut
1739 1694 1972 1742 constat
2027 1701 2097 1741 ex

134 1770 431 1828 communi
474 1789 682 1829 eorum
723 1773 1011 1846 loquendi
1054 1773 1256 1832 mod0.

246 1858 481 1933 Quodsi
522 1878 976 1937 nonnumquam
1019 1861 1081 1919 in
1124 1879 1402 1920 sermone
1445 1861 1803 1921 adhibentur
1854 1861 2096 1938 quidam

134 1948 290 2007 modi
346 1949 623 2022 dicendi,
681 1951 1009 2009 secundum
1066 1969 1218 2026 quos
1278 1953 1478 2010 anima
1531 1953 1720 2029 ipsam
1777 1971 2097 2029 personam

136 2038 488 2097 constituere
508 2039 757 2112 videtur,
789 2041 906 2098 hoc
929 2040 1102 2099 facile
1125 2040 1452 2117 explicatur
1471 2060 1544 2100 ex
1565 2061 1658 2113 e0,
1690 2042 1854 2116 quod
1877 2041 2092 2114 anima,

137 2136 415 2199 quatenus
458 2128 653 2185 forma
694 2128 969 2201 hominiS,
1015 2137 1103 2188 est
1130 2129 1211 2200 id,
1257 2150 1292 2187 a
1323 2148 1443 2205 quo
1473 2120 1732 2206 persona
1758 2131 1940 2189 habet
1968 2149 2097 2189 esse

139 2226 193 2273 et
230 2216 465 2292 operari
496 2218 527 2274 ¹.

247 2325 295 2363 2.
341 2306 699 2365 Auctoritate
740 2307 799 2365 S.
842 2307 1131 2367 Doctoris.
1223 2311 1350 2366 «Ex
1405 2308 1606 2367 anima
1661 2319 1720 2368 et
1780 2328 2094 2385 corpore»,

141 2394 329 2471 inquit,
381 2396 793 2455 «constituitur
834 2396 896 2454 in
938 2415 1306 2473 unoquoque
1341 2408 1606 2457 nostrum
1638 2398 1856 2473 duplex
1883 2397 2093 2468 unitaS,

141 2494 362 2544 naturae
406 2496 467 2545 et
508 2504 860 2561 personae.»
887 2488 909 2519 ⁹

244 2627 531 2677 Scholion.
608 2619 949 2677 Secundum
978 2619 1306 2677 naturalem
1350 2617 1624 2677 ordinem
1666 2636 1860 2676 rerum
1904 2617 2097 2676 omnis

143 2708 445 2766 substantia
475 2708 574 2767 vel
614 2719 825 2766 natura
866 2708 1165 2783 completa
1209 2716 1296 2765 est
1337 2708 1514 2765 etiam
1556 2705 1643 2766 sui
1685 2707 1823 2764 iuris
1865 2716 1924 2765 et
1964 2725 2098 2781 pro-

142 2795 287 2867 inde,
330 2798 579 2872 quando
622 2797 814 2873 agitur
854 2798 932 2856 de
975 2796 1222 2856 diversis
1264 2796 1719 2855 substantiarum
1759 2794 2094 2866 unionibuS,

142 2884 459 2962 philosophi
515 2886 848 2963 generatim
889 2905 1015 2945 non
1058 2885 1425 2960 distinguunt
1465 2885 1577 2943 nisi
1620 2885 1903 2944 unionem
1945 2884 2095 2943 acci·

144 2972 417 3033 dentalem
474 2986 533 3034 et
585 2976 874 3035 unionem
930 2976 1404 3045 substantialem,
1463 2992 1619 3048 quae
1661 2972 1874 3032 dicitur
1917 2974 2092 3033 etiam

146 3062 442 3123 essentialis
482 3067 579 3124 vel
618 3065 901 3125 naturalis
942 3068 1039 3125 vel
1080 3064 1432 3141 personalis.

242 3238 259 3271 ¹
294 3242 481 3291 Confer
516 3244 644 3292 haec
681 3260 795 3293 cum
821 3246 894 3305 iis,
936 3260 1066 3309 quae
1092 3261 1244 3309 supra
1273 3240 1348 3308 (p.
1384 3240 1508 3306 101)
1550 3243 1612 3291 de
1651 3241 1986 3289 conscientiae
2026 3249 2092 3288 te-

150 3321 356 3370 stimonio
394 3324 526 3372 circa
564 3324 853 3373 unicitatem
891 3325 1087 3373 animae
1125 3325 1358 3372 diximus.

254 3398 273 3430 ²
308 3404 357 3451 S.
404 3403 593 3464 Thom„
634 3405 683 3454 S.
724 3405 877 3455 theol.
918 3406 1010 3465 111,
1050 3422 1099 3468 q.
1140 3417 1186 3463 2,
1226 3420 1272 3451 a.
1321 3415 1339 3448 1
1385 3404 1448 3449 ad
1489 3414 1534 3448 2.
