2367 3850
770 211 998 254 ETch.
1065 213 1519 256 PRAENonNES.
2023 203 2127 266 269

257 359 454 422 Unde
499 364 719 422 factum
762 375 864 436 est,
911 374 974 423 ut
1004 366 1250 423 moralia
1290 365 1564 424 dicantur
1605 384 1677 424 ea
1706 365 1925 437 omnia,
1972 384 2128 441 quae

144 468 534 526 quocumque
577 453 762 511 modo
805 454 883 511 ad
925 463 1090 512 actus
1132 454 1426 512 humanos
1481 454 1815 513 referuntur
1832 499 1845 524 ,
1901 454 2023 513 sive
2066 465 2127 513 ut

143 538 511 615 principium
554 541 650 600 vel
692 541 974 601 condicio
1019 536 1300 616 (libertas,
1345 543 1457 613 lex,
1502 542 1884 614 conscientia,
1927 543 2125 611 virtus,

147 623 299 703 alia),
347 627 476 687 sive
518 640 582 687 ut
622 629 1064 688 circumstantia
1092 633 1186 690 vel
1230 632 1476 690 effectus
1520 627 1833 706 (meritum,
1877 631 2128 691 demeri-

144 725 284 788 tum,
331 712 692 793 peccatum).
775 719 1048 777 Ethicam
1091 717 1380 795 proinde,
1438 738 1573 778 cum
1616 720 1691 778 de
1748 720 1977 779 actibus
2015 721 2128 778 illis

148 806 476 865 moralibus
517 818 673 882 agat,
718 807 840 866 sive
870 826 980 883 per
1021 825 1086 866 se
1129 803 1317 884 (actus
1345 803 1628 883 humani),
1674 808 1797 868 sive
1839 827 1949 886 per
1976 808 2127 867 acci-

143 893 289 952 dens
332 889 516 970 (quae
572 895 651 953 ad
691 896 854 972 ipsos
914 891 1272 972 referuntur)
1294 943 1308 969 ,
1366 897 1637 956 nonnulli
1678 908 1897 956 vocant
1944 899 2125 974 philo·

146 983 397 1058 sophiam
439 985 712 1042 moralem
742 985 774 1043 ¹.

262 1107 338 1164 ΙΙ.
383 1115 621 1164 Ethicae
661 1115 883 1164 divisio.
962 1108 1128 1166 Duas
1169 1106 1339 1165 huius
1379 1116 1659 1165 tractatus
1699 1107 2126 1182 distinguemus

153 1203 375 1268 partes:

263 1293 334 1348 In
378 1291 582 1366 priore
624 1291 921 1368 principia
976 1291 1208 1352 ethicae
1250 1293 1555 1369 generalia
1594 1292 2122 1370 perscrutabimur:

159 1397 301 1453 quae
344 1389 434 1438 est
475 1381 657 1437 ethica
688 1383 995 1453 generalis.

266 1478 338 1534 In
373 1478 563 1535 altera
589 1478 742 1536 haec
771 1478 1069 1554 principia
1097 1479 1174 1536 ad
1204 1480 1495 1556 speciales
1523 1481 1779 1539 hominis
1807 1478 2124 1539 relationes

158 1563 607 1639 applicabimus:
655 1584 812 1641 quae
855 1577 945 1626 est
984 1568 1163 1625 ethica
1204 1571 1472 1644 specialis.

164 1757 417 1807 intrinseca
453 1759 870 1808 determinatione
907 1760 973 1808 ad
1011 1777 1195 1820 unum;
1235 1762 1451 1820 moralis,
1496 1769 1739 1825 quatenus
1777 1769 1924 1825 aptus
1961 1769 2123 1808 natus-

165 1853 254 1899 que
277 1843 350 1884 est
374 1839 439 1885 ad
465 1853 632 1886 mores
656 1838 975 1889 efficiendos»
1011 1837 1291 1903 (Cathrein,
1318 1840 1506 1889 Philos.
1534 1839 1737 1889 moralis
1766 1837 1866 1905 [ed.
1890 1837 1941 1904 3]
1970 1857 2020 1905 p.
2045 1839 2120 1902 2).

278 1915 294 1946 ¹
330 1917 405 1967 Cf.
449 1918 685 1968 Cathrein
723 1919 756 1967 l.
797 1936 839 1968 c.
879 1934 995 1984 p.⁴1
1041 1929 1091 1968 et
1131 1934 1176 1969 2.
