2367 3850
640 827 1645 935 'PRAENOTIONES

285 1014 338 1070 I.
383 1022 622 1071 Ethicae
675 1022 943 1072 definitio.
1030 1012 1245 1072 Ethica
1301 1006 1483 1088 (ἦθος)
1540 1023 1657 1071 est:
1727 1015 1957 1070 scientia
2017 1015 2157 1070 recti

160 1099 391 1158 ordinis'
430 1109 653 1158 actuum
694 1103 1072 1160 humanorum
1101 1111 1218 1178 per
1254 1111 1518 1178 suprema
1558 1103 1675 1160 eius
1704 1103 2011 1178 principia,
2054 1122 2151 1159 na·

163 1191 358 1247 turali
393 1191 604 1248 lumine
644 1198 988 1267 comparata.
1072 1189 1332 1250 Dicitur:

295 1300 350 1338 1.
393 1281 644 1349 scientia,
669 1279 724 1338 i.
756 1299 809 1339 e.
841 1281 1106 1356 cognitio
1147 1299 1259 1357 per
1286 1298 1513 1352 causam,
1558 1280 1706 1338 sicut
1733 1298 1861 1339 rem
1891 1281 2005 1338 vol.
2036 1282 2082 1352 I,
2120 1301 2144 1337 1

169 1367 566 1445 definivimus,

300 1478 353 1515 2.
417 1459 560 1516 recti
608 1458 828 1517 ordinis
886 1465 1108 1516 actuum
1175 1458 1570 1517 humanorum.
1670 1457 1902 1531 Quibus
1956 1457 2151 1516 verbis

168 1546 470 1612 indicatur
512 1547 814 1606 obiectum
861 1547 1110 1606 ethicae.

293 1630 353 1710 a)
397 1636 719 1703 Obiectum
775 1637 936 1694 enim
996 1635 1120 1695 eius
1161 1645 1446 1694 materiale
1497 1647 1632 1694 sunt
1686 1643 1843 1693 actus
1894 1637 2149 1706 humani,

171 1725 207 1781 i.
252 1743 305 1783 e.
353 1735 520 1784 actus
561 1724 661 1796 illi,
706 1725 810 1799 qui
851 1727 928 1784 ab
969 1724 1216 1784 homine
1258 1726 1559 1783 deliberate
1613 1734 1673 1782 et
1712 1726 1883 1784 libere
1922 1743 2151 1800 ponun-

172 1824 266 1871 tur
294 1813 330 1871 ¹.
416 1815 602 1878 Actus
642 1814 925 1891 proinde,
985 1814 1086 1889 qui
1128 1824 1419 1873 vocantur
1458 1815 1715 1883 hominiS,
1773 1824 1937 1873 actus
1978 1833 2151 1890 spon·

173 1901 339 1962 tanei
381 1913 440 1961 et
481 1913 648 1962 actus
689 1921 814 1963 non
855 1902 1172 1963 voluntarii
1197 1904 1246 1976 ²,
1304 1921 1439 1962 curn
1484 1923 1519 1962 a
1557 1903 1860 1963 voluntate
1902 1903 2152 1964 electiva

169 2010 301 2050 non
345 1991 697 2068 procedant,
740 1992 801 2050 in
849 1993 1045 2052 ethica
1074 2003 1188 2070 per
1227 2012 1285 2051 se
1322 2011 1447 2050 non
1477 1992 1944 2052 considerantur.
2015 1994 2153 2067 Qua

171 2092 323 2139 nota
381 2082 579 2140 ethica
638 2081 759 2140 iam
817 2082 1195 2158 distinguitur
1252 2083 1329 2140 ab
1390 2082 1666 2139 omnibus
1708 2081 1833 2139 aliis
1876 2080 2151 2155 scientiiS,

176 2187 334 2245 quae
376 2170 454 2229 de
498 2170 729 2229 actibus
783 2172 1057 2230 humanis
1111 2189 1238 2229 non
1294 2170 1617 2241 disserunt,
1673 2181 1815 2245 puta
1869 2172 1945 2229 ab
1988 2181 2153 2229 onto-

175 2258 340 2335 logia
381 2260 477 2317 vel
519 2280 556 2317 a
599 2260 999 2336 cosmologia3
1059 2260 1343 2319 convenit
1383 2276 1527 2318 vero
1570 2277 1705 2317 cum
1747 2260 1833 2331 iis,
1877 2278 2032 2335 quae
2076 2260 2152 2318 de

174 2347 319 2424 ipsis
358 2348 451 2407 his
494 2348 723 2407 actibus
765 2358 977 2423 agunt,
1034 2349 1141 2407 etsi
1198 2349 1306 2408 sub
1350 2347 1468 2406 alio
1524 2357 1828 2423 respectu,
1886 2357 1949 2405 ut
1988 2349 2053 2406 fit
2093 2350 2155 2405 in

174 2437 668 2513 anthropologia,
725 2438 830 2495 ubi
872 2437 950 2496 de
993 2448 1205 2496 natura
1247 2447 1307 2497 et
1348 2436 1690 2496 exsistentia
1744 2436 2031 2495 libertatis
2073 2438 2155 2495 in-

177 2526 430 2585 stituitur
472 2545 688 2586 sermo.

297 2609 360 2689 b)
392 2616 716 2675 Obiectum
735 2626 932 2675 autem
953 2625 1185 2675 formale
1225 2614 1455 2675 ethicae
1501 2626 1589 2674 est
1613 2621 1856 2673 «rectum
1882 2616 2153 2685 morale»,

176 2721 282 2762 seu
325 2704 478 2762 ordo
519 2704 754 2763 debitus
808 2706 869 2763 in
926 2706 1037 2763 illis
1093 2704 1321 2763 actibus
1374 2706 1645 2763 humanis
1700 2703 2042 2781 ponenduS‚
2095 2714 2157 2762 ut

178 2793 358 2850 finem
420 2798 618 2851 suum'
650 2792 840 2853 libera
895 2795 1168 2852 voluntas
1212 2794 1470 2869 'assequi
1528 2793 1732 2869 possit.
1834 2792 2155 2852 Rectitudo

179 2880 437 2957 proinde
481 2882 611 2955 illa,
672 2902 789 2957 qua
831 2882 1202 2942 constituitur
1257 2881 1558 2941 obiectum
1611 2883 1861 2941 formale
1905 2882 2154 2953 ethicae,

178 2988 307 3029 non
349 2982 440 3030 est
480 2972 774 3030 rectitudo
816 2972 1265 3046 qualiscumque
1309 2981 1544 3029 actuum
1587 2970 1764 3029 etiam
1811 2971 2153 3042 liberorum,

180 3059 287 3117 sed
331 3069 420 3118 est
460 3060 754 3119 rectitudo
796 3060 912 3131 illa,
959 3077 1114 3135 quae
1156 3057 1387 3117 homini
1418 3060 1698 3118 convenit
1729 3061 1983 3135 praecise
2022 3079 2155 3134 qua-

180 3155 343 3206 tenus
382 3149 545 3207 homo
585 3156 683 3219 est,
727 3158 902 3209 etex
945 3167 1064 3224 qua
1103 3150 1168 3207 fit
1183 3195 1199 3221 ,
1260 3159 1322 3207 ut
1363 3148 1483 3208 dici
1524 3148 1709 3225 possit
1761 3150 1923 3209 homo
1964 3149 2151 3207 bonus.

310 3324 328 3357 ¹
364 3327 557 3377 Recole
594 3344 722 3393 quae
760 3329 824 3377 de
861 3328 1145 3379 voluntario
1183 3344 1335 3393 supra
1372 3345 1423 3393 p.
1466 3336 1539 3391 73»
1570 3344 1644 3392 sq.
1685 3326 1937 3377 declarata
1972 3336 2102 3378 sunt.

309 3404 330 3437 ²
367 3408 448 3457 Cf.
485 3424 638 3473 supra
673 3425 725 3473 p.
766 3416 849 3469 74.
