2367 3850
40 0 626 34 Γ-ἡ-ΨῙΓΠᾞἻο-..Π-’ῂ
651 0 682 19 ’.-
730 0 748 7 Ὗ
804 0 811 1 ’
851 0 869 2 ”
898 0 904 2 “

261 30 272 40 ,.
293 28 304 37 ⁴
336 35 355 46 ,Ι
468 30 476 36 .

370 54 384 66 «ι

459 209 537 244 DE
576 209 1053 246 SPIRITUALITATE
1093 209 1322 245 ANIMAE
1361 209 1669 246 HUMANAE.
1951 210 2045 262 115

90 355 237 414 laude
295 355 525 432 dignat,
584 375 619 414 e
676 357 977 415 contrario
1032 356 1181 414 nihil
1237 375 1366 415 esse
1422 367 1542 415 tam
1597 358 1753 416 male
1811 357 2049 428 factum,

91 445 209 502 nihil
248 445 495 504 nefario
538 446 765 504 scelere
809 456 1215 523 perpetratum
1233 493 1246 518 ,
1305 446 1468 522 quod
1510 465 1636 505 non
1691 446 1762 505 sit
1817 465 2054 505 excusa·

94 536 230 593 tione
276 535 534 611 dignum
577 546 638 594 et
678 535 1085 597 defensione.»
1120 537 1135 569 ¹

192 625 371 698 Quae
414 624 621 682 omnia
660 627 969 701 praeclare
1013 625 1313 702 descripta
1357 625 1626 685 invenies
1667 627 1728 684 in
1771 627 1924 685 libro
1955 628 2054 685 Sa-

97 715 337 788 pientiae
384 734 519 790 cap.
569 735 618 772 2.

195 859 531 922 Responsio
569 860 642 908 ad
680 860 865 908 dubia.
941 850 1041 908 Ad
1078 870 1103 906 1
1151 850 1406 925 proinde
1449 849 1938 924 respondendum
1968 862 2056 909 est

98 939 160 996 ad
208 938 683 1015 spiritualitatem
734 957 857 996 non
909 937 1132 1013 requiri
1173 938 1584 997 omnimodam
1627 949 1688 996 et
1725 939 2054 1015 perfectam

98 1048 127 1084 a
158 1028 403 1086 materia
459 1027 1025 1104 independentiam,
1082 1028 1190 1087 sed
1245 1039 1472 1087 tantum
1522 1027 2053 1105 independentiam

100 1119 493 1192 imperfectam
513 1163 527 1188 ,
570 1137 823 1192 eamque
869 1117 1256 1176 subiectivam
1299 1119 1393 1175 vel
1436 1117 1834 1176 intrinsecam.
1916 1120 2057 1177 Ani-

103 1225 242 1264 mam
283 1216 484 1265 autem
526 1208 847 1264 humanam
890 1207 1217 1265 subiectiva
1258 1207 1358 1264 illa
1399 1205 1867 1283 independentia
1924 1209 2054 1280 frui,

102 1297 151 1352 in
188 1295 336 1354 thesi
376 1297 699 1371 probatum
741 1305 845 1354 est.

206 1394 301 1451 Ad
334 1415 363 1452 2
412 1393 636 1453 deinde
680 1394 1021 1470 negandum
1064 1405 1152 1452 est
1195 1393 1457 1451 animam
1497 1393 1819 1452 humanam
1848 1411 2057 1454 omnes

103 1481 437 1542 mutationes
494 1483 661 1558 pati,.
713 1501 861 1557 quas
916 1483 1071 1542 subit
1130 1501 1364 1558 corpus.
1451 1482 1685 1556 Quodsi
1743 1483 1804 1540 in
1864 1483 2059 1541 multis

103 1573 289 1630 transit
328 1583 387 1631 et
434 1573 565 1648 ipsa
620 1571 822 1646 aliquo
877 1573 1062 1631 modo
1117 1589 1227 1647 per
1281 1571 1714 1631 vicissitudines
1772 1572 2058 1648 corporiS,

104 1661 207 1718 hoc
244 1681 315 1720 ex
356 1660 765 1738 dependentia
806 1661 929 1720 eius
972 1661 1269 1721 obiectiva
1312 1680 1346 1718 a
1389 1661 1639 1719 materia
1689 1661 1827 1720 satis
1883 1662 2063 1737 expli·

108 1761 270 1807 catur.

212 1848 305 1905 Ad
348 1867 381 1921 3
424 1865 569 1906 vero
612 1846 935 1906 dicendum
979 1848 1292 1906 cerebrum
1350 1849 1571 1923 requiri
1626 1848 1703 1907 ad
1760 1849 2058 1906 actionem

111 1938 432 2009 intellectuS,
477 1956 603 1995 non
644 1938 794 1996 sicut
836 1956 1143 2013 organum,
1189 1956 1311 2013 quo
1349 1937 1480 1997 talis
1509 1938 1666 1997 actio
1696 1950 2058 2011 exerceatur,

113 2026 204 2084 sed
240 2027 465 2085 ratione
508 2027 731 2085 obiecti
754 2028 793 2085 ².

214 2124 307 2183 Ad
348 2144 387 2195 4
428 2123 709 2198 denique,
756 2141 936 2183 nemo
980 2135 1069 2183 est
1110 2126 1205 2183 vel
1246 2125 1604 2184 humillimus
1644 2127 1706 2183 in
1749 2126 2062 2201 disciplina

118 2212 399 2271 dialectica
417 2214 550 2284 tirO,
582 2213 684 2288 qui
704 2231 828 2271 non
849 2214 1047 2271 videat
1068 2212 1360 2273 eiusmodi
1382 2214 1778 2273 ratiocinandi
1797 2214 2059 2286 modum,

119 2302 220 2359 sive
258 2302 656 2377 categoricum
700 2303 821 2361 sive
863 2302 1312 2378 hypotheticum
1331 2351 1343 2375 ,
1403 2322 1658 2379 peccare
1716 2315 1925 2363 contra
1980 2322 2066 2362 re-

122 2392 259 2463 gulas
296 2390 639 2467 syllogismi.

218 2482 295 2539 Ut
335 2482 496 2539 enim
538 2491 702 2539 recte
745 2491 1049 2540 erueretur
1091 2483 1430 2554 conclusio,
1495 2484 1557 2541 in
1598 2482 1822 2541 maiore
1866 2484 2064 2542 dicen-

125 2570 237 2627 dum
276 2581 432 2628 erat:
479 2570 694 2628 Omnis
736 2570 927 2642 actio,
973 2589 1127 2645 quae
1170 2583 1234 2630 ut
1274 2570 1431 2631 effici
1472 2572 1690 2647 possit,
1735 2574 2065 2647 expostulat

126 2658 335 2733 aliquod
376 2670 641 2735 tempuS,
688 2671 777 2718 est
817 2660 1050 2735 species
1091 2671 1302 2733 motuS,
1347 2661 1472 2719 vel:
1525 2662 1585 2719 Si
1629 2660 1894 2720 activitas
1937 2680 2064 2736 psy-

128 2748 269 2806 chica
308 2751 642 2824 expostulat
682 2748 927 2825 aliquod
969 2760 1223 2826 tempuS,
1269 2760 1356 2809 est
1397 2750 1630 2825 species
1671 2760 1881 2809 motus.
1947 2749 2066 2807 Sed

128 2835 250 2896 haec
288 2840 477 2896 maior
517 2856 643 2896 non
689 2848 777 2897 est
817 2857 987 2912 vera,
1046 2858 1163 2898 nec
1205 2859 1242 2897 a
1282 2838 1675 2899 materialistis
1718 2850 1816 2897 aut
1869 2837 2069 2915 positi-

128 2925 259 2985 vistis
297 2928 567 3003 probata.
652 2929 854 2987 Potest
909 2928 1071 2986 enim
1124 2930 1282 2987 actio
1339 2928 1634 3003 quaedam
1695 2928 2066 3003 expostulare

129 3025 327 3091 tempus
354 3035 478 3076 non
508 3018 850 3088 subiective,
896 3016 931 3075 i.
964 3036 1014 3075 e.
1047 3017 1277 3076 ratione
1308 3019 1412 3090 sui,
1456 3018 1563 3076 sed
1594 3016 1904 3088 obiective,
1945 3018 1981 3074 i.
2014 3034 2064 3075 e.

130 3104 324 3164 ratione
360 3124 593 3183 eorum,
640 3125 795 3181 quae
837 3109 1380 3183 praerequiruntur,
1425 3118 1489 3166 ut
1516 3109 1640 3165 fieri
1671 3108 1882 3182 possit:
1927 3118 2068 3164 tunc

234 3315 247 3345 ¹
282 3319 444 3380 Pescla,
484 3321 515 3369 l.
556 3337 601 3369 c.
641 3322 732 3381 111,
776 3321 877 3385 536
915 3330 965 3369 et
1007 3331 1123 3385 537.

233 3394 252 3425 ²
286 3398 357 3447 Cf.
397 3400 448 3449 S.
500 3401 686 3460 Tkom„
726 3403 774 3451 S.
816 3402 969 3451 theol.
1011 3403 1047 3459 Ι,
1089 3418 1137 3465 q.
1183 3412 1262 3463 75,
1305 3417 1345 3447 a.
1391 3413 1418 3446 2
1459 3402 1522 3447 ad
1563 3413 1608 3460 3.

1668 3487 1746 3531 8*
