2367 3850
422 1 427 4 .
670 11 679 18 ‚
846 1 861 5 „
1199 1 1204 3 .
1455 1 1469 20 .-
1501 0 1636 24 .,-.,.,.,
1673 0 1964 42 frma-².-

281 191 386 239 206
908 202 1235 240 TnnoLoorA
1275 201 1614 240 NATURALIS.

279 359 586 410 momenta
627 349 784 410 vitae
825 349 1066 410 divinae
1105 350 1168 408 in
1210 361 1421 410 natura
1458 350 1721 408 humana
1762 349 2073 426 explicata.
2142 349 2260 406 De-

279 449 509 498 struunt
549 449 863 514 praeterea
901 458 1008 499 suo
1049 449 1369 516 systemate
1423 439 1797 515 pantheistae
1856 456 2060 497 veram
2124 437 2257 495 doc-

281 528 498 588 trinam
539 529 617 589 de
659 529 850 588 libero
893 528 1137 589 arbitrio
1181 547 1423 588 necnon
1466 547 1633 604 spem
1678 545 1923 586 omnem
1964 529 2026 586 in
2082 527 2260 583 vitam

282 618 535 677 futuram
563 618 979 678 immortalem.
1025 618 1421 694 Consequens
1447 618 1643 693 logice
1673 617 1993 676 deductum
2018 617 2257 674 falsum:

281 725 425 783 ergo
467 717 528 766 et
568 707 944 784 principium,
989 727 1064 766 ex
1105 726 1230 784 quo
1271 707 1491 766 defluit.

405 825 456 863 2.
513 805 910 864 Panthezlcmus
961 824 1095 864 vero
1149 806 1514 882 imperfectus
1556 804 1770 863 iisdem
1812 803 1967 862 vitiis
2008 803 2259 862 laborat.

403 902 564 961 Sicut
619 903 779 960 enim
837 913 1128 978 repugnat
1183 921 1313 962 esse
1369 912 1431 961 et
1484 919 1663 977 agere
1712 901 1831 960 Dei
1884 918 2018 960 esse
2075 910 2263 958 totum

281 991 587 1063 mundum,
631 991 714 1050 ita
754 1001 815 1050 et
851 1002 1146 1068 repugnat
1186 991 1475 1050 mundum
1516 991 1795 1049 constitui
1836 1010 1873 1049 a
1913 1000 2087 1083 parte
2130 1007 2263 1064 qua-

283 1080 423 1138 dam
464 1080 618 1139 illius
672 1098 801 1140 esse
843 1091 904 1140 et
943 1099 1124 1158 agere
1166 1081 1388 1154 divini,
1447 1081 1542 1140 vel
1584 1081 1729 1138 illud
1785 1097 1914 1139 esse
1969 1091 2031 1138 et
2088 1095 2263 1152 agere

284 1186 414 1228 esse
455 1180 688 1246 partem
730 1170 1034 1245 quandam
1077 1187 1208 1230 esse
1250 1180 1312 1230 et
1352 1187 1533 1246 agere
1574 1169 1800 1228 mundi.

407 1267 728 1343 Speciatim
786 1285 930 1328 vero
973 1271 1140 1328 Deus
1195 1287 1321 1328 non
1376 1278 1465 1328 est
1504 1269 1751 1326 materia
1798 1266 1991 1342 prima
2035 1265 2258 1324 mundi.

285 1357 607 1433 Repugnat
661 1357 822 1416 enim
877 1358 939 1416 in
987 1360 1124 1418 Deo
1181 1357 1599 1434 potentialitaS.
1684 1357 1901 1431 Neque
1956 1357 2123 1415 Deus
2176 1366 2258 1412 est

289 1446 478 1503 forma
519 1446 726 1504 mundi
768 1448 864 1506 vel
907 1447 1106 1506 anima
1146 1448 1372 1506 mundi.
1432 1449 1573 1504 Hoc
1614 1446 1776 1505 enim
1804 1455 2103 1522 repugnat
2142 1454 2258 1502 tum

286 1552 360 1593 ex
400 1545 568 1610 parte
615 1534 732 1595 Dei
772 1546 898 1595 tum
952 1555 1026 1596 ex
1081 1549 1251 1612 parte
1293 1536 1531 1596 mundi:
1590 1553 1665 1594 ex
1704 1545 1877 1611 parte
1918 1534 2067 1606 Dei,
2126 1532 2256 1608 quia

285 1635 426 1682 tunc
487 1643 593 1684 ens
654 1624 880 1684 infinite
941 1626 1275 1702 perfectum
1334 1634 1491 1694 esset
1554 1623 2055 1701 comprincipium
2118 1619 2259 1698 (sub-

286 1713 500 1772 stantia
552 1710 941 1791 incompleta)
997 1715 1283 1775 materiae
1337 1714 1567 1773 unitum
1618 1715 1698 1772 ad
1752 1713 2135 1772 efficiendum
2188 1729 2255 1769 ex

288 1801 520 1861 duobus
540 1803 926 1862 substantiam
947 1805 1329 1880 completam,
1360 1803 1678 1878 mundum3
1718 1813 2015 1879 repugnat
2042 1801 2252 1862 deinde

290 1909 363 1951 ex
405 1902 573 1968 parte
619 1892 856 1967 mundi,
915 1893 1016 1971 qui
1061 1911 1186 1952 non
1244 1892 1601 1969 contingens
1657 1903 1841 1965 esset,
1900 1890 2009 1951 sed
2065 1907 2256 1950 neces·

262 1981 506 2059 ,sarium
523 2028 536 2054 ,
594 1992 800 2059 utpote
841 2002 878 2041 a
918 1984 1113 2042 forma
1153 1984 1421 2043 absolute
1478 1982 1816 2043 necessaria
1870 1980 1933 2040 in
1981 2000 2090 2040 suo
2136 1997 2252 2039 esse

289 2070 732 2131 determinatus,

408 2212 564 2271 Pars
601 2212 659 2270 V.
739 2212 906 2271 Deus
945 2220 1030 2271 est
1063 2222 1243 2290 supra
1284 2210 1551 2272 mundum
1592 2214 1968 2287 ineffabiliter
2006 2214 2249 2271 exchms.

290 2302 467 2360 Clare
523 2303 684 2360 enim
740 2300 1009 2362 videmus
1065 2321 1174 2361 ens
1217 2322 1253 2360 a
1294 2319 1357 2361 se
1404 2301 1787 2361 ineffabiliter
1837 2302 2252 2361 transcendere

290 2406 418 2447 rem
459 2391 536 2449 ab
578 2390 711 2466 ipso
766 2409 839 2450 ex
893 2390 1080 2449 nihilo
1126 2391 1500 2467 productam.
1590 2392 1789 2450 «Inter
1831 2408 1963 2450 esse
2005 2392 2166 2450 enim
2203 2398 2253 2447 et

290 2496 414 2537 non
457 2496 589 2539 esse
629 2479 906 2539 distantia
947 2480 1177 2539 infinita
1218 2480 1536 2540 intercedit
1557 2482 1591 2539 ¹.
1648 2479 1835 2556 Atqui
1875 2498 1985 2540 ens
2028 2501 2066 2539 a
2106 2498 2167 2539 se
2202 2488 2253 2536 et

289 2569 691 2628 necessarium
746 2570 805 2628 vi
861 2570 1153 2629 essentiae
1203 2586 1344 2629 suae
1384 2580 1507 2645 est3
1562 2588 1669 2630 ens
1722 2570 1799 2628 ab
1842 2570 1960 2628 alio
2018 2580 2082 2628 et
2131 2586 2251 2627 con-

291 2658 528 2733 tingens
567 2658 626 2716 vi
667 2658 957 2717 essentiae
1000 2658 1145 2717 nihil
1188 2668 1307 2731 est,
1352 2669 1411 2718 et
1453 2658 1745 2736 quidquid
1785 2658 1983 2731 habet,
2029 2656 2253 2717 aliunde

291 2746 489 2805 habet.
562 2748 714 2807 Cum
757 2766 904 2824 ergo
946 2751 1112 2807 Deus
1153 2766 1229 2807 ex
1270 2766 1333 2807 se
1377 2749 1449 2807 sit
1490 2768 1614 2821 enS,
1658 2747 1915 2807 mundus
1956 2758 2154 2807 autem
2191 2763 2251 2803 ex

293 2853 356 2894 se
397 2836 644 2895 nihilum
661 2881 676 2908 ,
735 2837 1119 2912 consequitur
1160 2854 1267 2897 eos
1320 2837 1384 2894 in
1424 2838 1587 2896 nullo
1642 2854 1865 2912 genere
1922 2834 2250 2904 convenire,

292 2924 399 2983 sed
467 2926 1065 2985 transcendentaliter
1133 2926 1393 2986 differre.
1504 2926 1905 2985 Confirmatur
1971 2944 2047 2985 ex
2118 2922 2248 2983 Isaia

293 3007 422 3087 (40,
483 3008 606 3090 17):
667 3015 896 3074 Omnes
937 3026 1146 3090 gentes
1188 3016 1357 3090 quasi
1398 3034 1523 3074 non
1564 3015 1709 3089 sint,
1758 3016 1844 3074 sic
1884 3026 2021 3074 sunt
2063 3030 2249 3074 coram

295 3118 387 3173 e0,
432 3113 492 3161 et
531 3104 701 3179 quasi
742 3104 990 3163 nihilum
1033 3116 1094 3164 et
1133 3105 1313 3165 inane
1355 3115 1659 3182 reputatae
1702 3115 1837 3163 sunt
1876 3104 1991 3163 ei.»
2013 3105 2037 3138 ²

417 3310 434 3340 ¹
471 3312 744 3377 Intellege:
785 3314 979 3363 infinita
1017 3326 1093 3365 est
1131 3317 1493 3381 disproportio.

413 3387 435 3418 ²
472 3391 650 3452 Egger,
691 3392 852 3442 Ench.
893 3394 1047 3444 theol.
1088 3396 1258 3470 dogm.
1298 3412 1435 3461 spec.
1476 3412 1525 3459 p.
1568 3410 1653 3447 20.
