<?xml version="1.0" encoding="UTF-8"?>
<!DOCTYPE html PUBLIC "-//W3C//DTD XHTML 1.0 Transitional//EN"
    "http://www.w3.org/TR/xhtml1/DTD/xhtml1-transitional.dtd">
<html xmlns="http://www.w3.org/1999/xhtml" xml:lang="en" lang="en">
 <head>
  <title>
</title>
<meta http-equiv="Content-Type" content="text/html;charset=utf-8" />
  <meta name='ocr-system' content='tesseract 3.04.00' />
  <meta name='ocr-capabilities' content='ocr_page ocr_carea ocr_par ocr_line ocrx_word'/>
</head>
<body>
  <div class='ocr_page' id='page_1' title='image "./elementaphiloso01reingoog_0192.png"; bbox 0 0 2367 3850; ppageno 0'>
   <div class='ocr_carea' id='block_1_1' title="bbox 286 168 1622 217">
    <p class='ocr_par' dir='ltr' id='par_1_1' title="bbox 286 168 1622 217">
     <span class='ocr_line' id='line_1_1' title="bbox 286 168 1622 217; baseline 0 -1"><span class='ocrx_word' id='word_1_1' title='bbox 286 168 384 217; x_wconf 89' lang='lat'>166</span> <span class='ocrx_word' id='word_1_2' title='bbox 908 179 1242 216; x_wconf 74' lang='lat' dir='ltr'>THEOLOGIA</span> <span class='ocrx_word' id='word_1_3' title='bbox 1282 178 1622 216; x_wconf 75' lang='lat' dir='ltr'>NATURALIS.</span> 
     </span>
    </p>
   </div>
   <div class='ocr_carea' id='block_1_2' title="bbox 2323 207 2326 312">
    <p class='ocr_par' dir='ltr' id='par_1_2' title="bbox 2323 207 2326 312">
     <span class='ocr_line' id='line_1_2' title="bbox 2323 207 2326 312; baseline 0 0"><span class='ocrx_word' id='word_1_4' title='bbox 2323 207 2326 312; x_wconf 57' lang='lat' dir='ltr'>l</span> 
     </span>
    </p>
   </div>
   <div class='ocr_carea' id='block_1_3' title="bbox 278 325 2332 1290">
    <p class='ocr_par' dir='ltr' id='par_1_3' title="bbox 278 325 2330 1013">
     <span class='ocr_line' id='line_1_3' title="bbox 398 325 2271 402; baseline -0.002 -15"><span class='ocrx_word' id='word_1_5' title='bbox 398 330 662 387; x_wconf 83' lang='lat' dir='ltr'>naturali</span> <span class='ocrx_word' id='word_1_6' title='bbox 703 325 949 387; x_wconf 88' lang='lat' dir='ltr'>rationis</span> <span class='ocrx_word' id='word_1_7' title='bbox 988 325 1230 399; x_wconf 89' lang='lat' dir='ltr'>lumine,</span> <span class='ocrx_word' id='word_1_8' title='bbox 1275 326 1414 402; x_wconf 90' lang='lat' dir='ltr'>quia</span> <span class='ocrx_word' id='word_1_9' title='bbox 1441 328 1560 385; x_wconf 88' lang='lat' dir='ltr'>alio</span> <span class='ocrx_word' id='word_1_10' title='bbox 1587 327 1768 386; x_wconf 89' lang='lat' dir='ltr'>etiam</span> <span class='ocrx_word' id='word_1_11' title='bbox 1807 327 2051 385; x_wconf 88' lang='lat' dir='ltr'>lumine</span> <span class='ocrx_word' id='word_1_12' title='bbox 2083 326 2271 384; x_wconf 89' lang='lat' dir='ltr'>Deum</span> 
     </span>
     <span class='ocr_line' id='line_1_4' title="bbox 278 415 2274 493; baseline -0.003 -17"><span class='ocrx_word' id='word_1_13' title='bbox 278 435 648 493; x_wconf 87' lang='lat' dir='ltr'>cognoscere</span> <span class='ocrx_word' id='word_1_14' title='bbox 704 434 1033 492; x_wconf 70' lang='lat' dir='ltr'>possumus</span> <span class='ocrx_word' id='word_1_15' title='bbox 1123 417 1368 474; x_wconf 80' lang='lat' dir='ltr'><em>Lumine</em></span> <span class='ocrx_word' id='word_1_16' title='bbox 1419 419 1567 474; x_wconf 84' lang='lat' dir='ltr'>enim</span> <span class='ocrx_word' id='word_1_17' title='bbox 1604 417 1759 492; x_wconf 86' lang='lat' dir='ltr'>fidei</span> <span class='ocrx_word' id='word_1_18' title='bbox 1810 417 2011 474; x_wconf 87' lang='lat' dir='ltr'>multa</span> <span class='ocrx_word' id='word_1_19' title='bbox 2069 415 2164 474; x_wconf 89' lang='lat' dir='ltr'>his</span> <span class='ocrx_word' id='word_1_20' title='bbox 2217 415 2274 470; x_wconf 90' lang='lat' dir='ltr'>in</span> 
     </span>
     <span class='ocr_line' id='line_1_5' title="bbox 278 490 2327 578; baseline -0.002 -13"><span class='ocrx_word' id='word_1_21' title='bbox 278 507 447 566; x_wconf 87' lang='lat' dir='ltr'>terris</span> <span class='ocrx_word' id='word_1_22' title='bbox 503 506 580 565; x_wconf 93' lang='lat' dir='ltr'>de</span> <span class='ocrx_word' id='word_1_23' title='bbox 636 508 775 565; x_wconf 93' lang='lat' dir='ltr'>Deo</span> <span class='ocrx_word' id='word_1_24' title='bbox 829 505 1156 565; x_wconf 88' lang='lat' dir='ltr'>edocemur</span> <span class='ocrx_word' id='word_1_25' title='bbox 1170 553 1185 578; x_wconf 92' lang='lat'><em>,</em></span> <span class='ocrx_word' id='word_1_26' title='bbox 1245 507 1455 564; x_wconf 85' lang='lat' dir='ltr'>lumine</span> <span class='ocrx_word' id='word_1_27' title='bbox 1505 524 1640 565; x_wconf 84' lang='lat' dir='ltr'>vero</span> <span class='ocrx_word' id='word_1_28' title='bbox 1687 507 1919 578; x_wconf 57' lang='lat' dir='ltr'>glomite</span> <span class='ocrx_word' id='word_1_29' title='bbox 1980 505 2050 562; x_wconf 89' lang='lat' dir='ltr'>in</span> <span class='ocrx_word' id='word_1_30' title='bbox 2109 506 2274 562; x_wconf 86' lang='lat' dir='ltr'>caelo</span> <span class='ocrx_word' id='word_1_31' title='bbox 2326 490 2327 560; x_wconf 44' lang='lat' dir='ltr'>l</span> 
     </span>
     <span class='ocr_line' id='line_1_6' title="bbox 281 595 2276 666; baseline -0.002 -12"><span class='ocrx_word' id='word_1_32' title='bbox 281 598 479 655; x_wconf 90' lang='lat' dir='ltr'>Deum</span> <span class='ocrx_word' id='word_1_33' title='bbox 532 595 919 666; x_wconf 88' lang='lat' dir='ltr'><strong>intuebimur,</strong></span> <span class='ocrx_word' id='word_1_34' title='bbox 979 595 1213 654; x_wconf 88' lang='lat' dir='ltr'><strong>visione</strong></span> <span class='ocrx_word' id='word_1_35' title='bbox 1273 595 1374 653; x_wconf 87' lang='lat' dir='ltr'>illa</span> <span class='ocrx_word' id='word_1_36' title='bbox 1426 596 1720 654; x_wconf 87' lang='lat' dir='ltr'>beatifica.</span> <span class='ocrx_word' id='word_1_37' title='bbox 1819 595 1949 654; x_wconf 85' lang='lat' dir='ltr'>Sed</span> <span class='ocrx_word' id='word_1_38' title='bbox 2010 595 2138 652; x_wconf 93' lang='lat' dir='ltr'>hoc</span> <span class='ocrx_word' id='word_1_39' title='bbox 2195 605 2276 652; x_wconf 86' lang='lat' dir='ltr'>est</span> 
     </span>
     <span class='ocr_line' id='line_1_7' title="bbox 278 683 2278 760; baseline -0.002 -17"><span class='ocrx_word' id='word_1_40' title='bbox 278 687 479 744; x_wconf 90' lang='lat' dir='ltr'>lumen</span> <span class='ocrx_word' id='word_1_41' title='bbox 522 685 967 760; x_wconf 82' lang='lat' dir='ltr'>supernaturale</span> <span class='ocrx_word' id='word_1_42' title='bbox 985 731 999 757; x_wconf 89' lang='lat'><em>,</em></span> <span class='ocrx_word' id='word_1_43' title='bbox 1056 685 1135 744; x_wconf 93' lang='lat' dir='ltr'>de</span> <span class='ocrx_word' id='word_1_44' title='bbox 1179 703 1301 759; x_wconf 91' lang='lat' dir='ltr'>quo</span> <span class='ocrx_word' id='word_1_45' title='bbox 1342 685 1404 742; x_wconf 91' lang='lat' dir='ltr'>in</span> <span class='ocrx_word' id='word_1_46' title='bbox 1445 685 1751 760; x_wconf 85' lang='lat' dir='ltr'>theologia</span> <span class='ocrx_word' id='word_1_47' title='bbox 1807 703 2028 758; x_wconf 78' lang='lat' dir='ltr'>sacra3</span> <span class='ocrx_word' id='word_1_48' title='bbox 2087 683 2278 758; x_wconf 84' lang='lat' dir='ltr'>agitur</span> 
     </span>
     <span class='ocr_line' id='line_1_8' title="bbox 279 771 2330 849; baseline -0 -17"><span class='ocrx_word' id='word_1_49' title='bbox 279 786 477 834; x_wconf 89' lang='lat' dir='ltr'>autem</span> <span class='ocrx_word' id='word_1_50' title='bbox 533 774 631 834; x_wconf 92' lang='lat' dir='ltr'>hic</span> <span class='ocrx_word' id='word_1_51' title='bbox 686 773 762 832; x_wconf 91' lang='lat' dir='ltr'>de</span> <span class='ocrx_word' id='word_1_52' title='bbox 816 774 1040 833; x_wconf 88' lang='lat' dir='ltr'>lumine</span> <span class='ocrx_word' id='word_1_53' title='bbox 1096 775 1378 846; x_wconf 88' lang='lat' dir='ltr'>naturali,</span> <span class='ocrx_word' id='word_1_54' title='bbox 1439 773 1477 833; x_wconf 90' lang='lat' dir='ltr'>i.</span> <span class='ocrx_word' id='word_1_55' title='bbox 1522 793 1575 833; x_wconf 91' lang='lat' dir='ltr'>e.</span> <span class='ocrx_word' id='word_1_56' title='bbox 1619 774 1697 833; x_wconf 91' lang='lat' dir='ltr'>de</span> <span class='ocrx_word' id='word_1_57' title='bbox 1752 773 2126 849; x_wconf 86' lang='lat' dir='ltr'>cognitione</span> <span class='ocrx_word' id='word_1_58' title='bbox 2183 792 2276 832; x_wconf 87' lang='lat' dir='ltr'>na·</span> <span class='ocrx_word' id='word_1_59' title='bbox 2327 771 2330 838; x_wconf 56' lang='lat' dir='ltr'>l</span> 
     </span>
     <span class='ocr_line' id='line_1_9' title="bbox 278 862 2278 939; baseline -0.002 -17"><span class='ocrx_word' id='word_1_60' title='bbox 278 864 561 923; x_wconf 89' lang='lat' dir='ltr'>turalibus</span> <span class='ocrx_word' id='word_1_61' title='bbox 620 863 950 923; x_wconf 87' lang='lat' dir='ltr'>intellectus</span> <span class='ocrx_word' id='word_1_62' title='bbox 1010 862 1220 922; x_wconf 82' lang='lat' dir='ltr'>nostri.</span> <span class='ocrx_word' id='word_1_63' title='bbox 1257 863 1478 922; x_wconf 88' lang='lat' dir='ltr'>viribus</span> <span class='ocrx_word' id='word_1_64' title='bbox 1535 863 1924 939; x_wconf 85' lang='lat' dir='ltr'>acquirenda.</span> <span class='ocrx_word' id='word_1_65' title='bbox 2043 862 2278 920; x_wconf 79' lang='lat' dir='ltr'>Dicitur</span> 
     </span>
     <span class='ocr_line' id='line_1_10' title="bbox 278 953 533 1013; baseline -0.012 0"><span class='ocrx_word' id='word_1_66' title='bbox 278 953 533 1013; x_wconf 86' lang='lat' dir='ltr'>deinde:</span> 
     </span>
    </p>

    <p class='ocr_par' dir='ltr' id='par_1_4' title="bbox 278 1051 2332 1290">
     <span class='ocr_line' id='line_1_11' title="bbox 399 1051 2332 1128; baseline -0.002 -19"><span class='ocrx_word' id='word_1_67' title='bbox 399 1059 546 1110; x_wconf 80' lang='lat' dir='ltr'>certo</span> <span class='ocrx_word' id='word_1_68' title='bbox 601 1053 797 1111; x_wconf 90' lang='lat' dir='ltr'>Deum</span> <span class='ocrx_word' id='word_1_69' title='bbox 853 1052 973 1111; x_wconf 90' lang='lat' dir='ltr'>hoc</span> <span class='ocrx_word' id='word_1_70' title='bbox 1027 1051 1252 1111; x_wconf 89' lang='lat' dir='ltr'>lumine</span> <span class='ocrx_word' id='word_1_71' title='bbox 1308 1069 1594 1127; x_wconf 73' lang='lat' dir='ltr'>cognosci</span> <span class='ocrx_word' id='word_1_72' title='bbox 1650 1069 1860 1128; x_wconf 89' lang='lat' dir='ltr'>posse,</span> <span class='ocrx_word' id='word_1_73' title='bbox 1925 1051 1971 1110; x_wconf 89' lang='lat' dir='ltr'>i.</span> <span class='ocrx_word' id='word_1_74' title='bbox 2038 1069 2096 1110; x_wconf 93' lang='lat' dir='ltr'>e.</span> <span class='ocrx_word' id='word_1_75' title='bbox 2155 1069 2275 1108; x_wconf 90' lang='lat' dir='ltr'>non</span> <span class='ocrx_word' id='word_1_76' title='bbox 2329 1054 2332 1116; x_wconf 57' lang='grc' dir='ltr'>ἱ</span> 
     </span>
     <span class='ocr_line' id='line_1_12' title="bbox 280 1140 2273 1216; baseline -0.002 -17"><span class='ocrx_word' id='word_1_77' title='bbox 280 1141 583 1216; x_wconf 90' lang='lat' dir='ltr'>opinative</span> <span class='ocrx_word' id='word_1_78' title='bbox 624 1151 849 1199; x_wconf 91' lang='lat' dir='ltr'>tantum</span> <span class='ocrx_word' id='word_1_79' title='bbox 868 1187 881 1212; x_wconf 93' lang='lat'><em>,</em></span> <span class='ocrx_word' id='word_1_80' title='bbox 938 1141 1046 1199; x_wconf 89' lang='lat' dir='ltr'>sed</span> <span class='ocrx_word' id='word_1_81' title='bbox 1099 1151 1222 1199; x_wconf 90' lang='lat' dir='ltr'>tam</span> <span class='ocrx_word' id='word_1_82' title='bbox 1270 1141 1567 1216; x_wconf 85' lang='lat' dir='ltr'>perfecte,</span> <span class='ocrx_word' id='word_1_83' title='bbox 1626 1151 1690 1199; x_wconf 92' lang='lat' dir='ltr'>ut</span> <span class='ocrx_word' id='word_1_84' title='bbox 1741 1141 2022 1216; x_wconf 87' lang='lat' dir='ltr'>prudens</span> <span class='ocrx_word' id='word_1_85' title='bbox 2082 1140 2273 1198; x_wconf 86' lang='lat' dir='ltr'>omnis</span> 
     </span>
     <span class='ocr_line' id='line_1_13' title="bbox 278 1230 1222 1290; baseline 0 -1"><span class='ocrx_word' id='word_1_86' title='bbox 278 1231 518 1289; x_wconf 89' lang='lat' dir='ltr'>errandi</span> <span class='ocrx_word' id='word_1_87' title='bbox 561 1231 820 1289; x_wconf 88' lang='lat' dir='ltr'>formido</span> <span class='ocrx_word' id='word_1_88' title='bbox 862 1230 1222 1290; x_wconf 87' lang='lat' dir='ltr'>excludatur.</span> 
     </span>
    </p>
   </div>
   <div class='ocr_carea' id='block_1_4' title="bbox 280 1327 2337 1952">
    <p class='ocr_par' dir='ltr' id='par_1_5' title="bbox 280 1327 2337 1952">
     <span class='ocr_line' id='line_1_14' title="bbox 400 1327 2333 1406; baseline -0.001 -20"><span class='ocrx_word' id='word_1_89' title='bbox 400 1329 555 1386; x_wconf 90' lang='lat' dir='ltr'>Rem</span> <span class='ocrx_word' id='word_1_90' title='bbox 598 1328 680 1384; x_wconf 90' lang='lat' dir='ltr'>ita</span> <span class='ocrx_word' id='word_1_91' title='bbox 733 1345 894 1399; x_wconf 90' lang='lat' dir='ltr'>esse,</span> <span class='ocrx_word' id='word_1_92' title='bbox 954 1327 1253 1386; x_wconf 83' lang='lat' dir='ltr'>constabit</span> <span class='ocrx_word' id='word_1_93' title='bbox 1294 1346 1366 1386; x_wconf 88' lang='lat' dir='ltr'>ex</span> <span class='ocrx_word' id='word_1_94' title='bbox 1408 1327 1549 1403; x_wconf 89' lang='lat' dir='ltr'>ipsis</span> <span class='ocrx_word' id='word_1_95' title='bbox 1591 1327 1958 1403; x_wconf 87' lang='lat' dir='ltr'>argumentis</span> <span class='ocrx_word' id='word_1_96' title='bbox 1977 1375 1993 1399; x_wconf 92' lang='lat'><em>,</em></span> <span class='ocrx_word' id='word_1_97' title='bbox 2061 1327 2273 1404; x_wconf 89' lang='lat' dir='ltr'>quibus</span> <span class='ocrx_word' id='word_1_98' title='bbox 2332 1336 2333 1406; x_wconf 40' lang='grc' dir='ltr'><strong>χ</strong></span> 
     </span>
     <span class='ocr_line' id='line_1_15' title="bbox 280 1415 2333 1493; baseline -0.001 -19"><span class='ocrx_word' id='word_1_99' title='bbox 280 1419 467 1475; x_wconf 87' lang='lat' dir='ltr'>altero</span> <span class='ocrx_word' id='word_1_100' title='bbox 528 1417 724 1493; x_wconf 91' lang='lat' dir='ltr'>capite</span> <span class='ocrx_word' id='word_1_101' title='bbox 784 1416 1186 1476; x_wconf 85' lang='lat' dir='ltr'>exsistentiam</span> <span class='ocrx_word' id='word_1_102' title='bbox 1244 1415 1360 1476; x_wconf 92' lang='lat' dir='ltr'>Dei</span> <span class='ocrx_word' id='word_1_103' title='bbox 1421 1434 1618 1476; x_wconf 89' lang='lat' dir='ltr'>sumus</span> <span class='ocrx_word' id='word_1_104' title='bbox 1674 1415 2188 1490; x_wconf 79' lang='lat' dir='ltr'>demonstraturi:¹</span> <span class='ocrx_word' id='word_1_105' title='bbox 2241 1436 2274 1472; x_wconf 89' lang='lat' dir='ltr'>a</span> <span class='ocrx_word' id='word_1_106' title='bbox 2332 1415 2333 1426; x_wconf 57' lang='lat'>¹</span> 
     </span>
     <span class='ocr_line' id='line_1_16' title="bbox 281 1505 2268 1582; baseline -0.001 -18"><span class='ocrx_word' id='word_1_107' title='bbox 281 1506 463 1582; x_wconf 87' lang='lat' dir='ltr'>priori</span> <span class='ocrx_word' id='word_1_108' title='bbox 506 1524 650 1564; x_wconf 91' lang='lat' dir='ltr'>vero</span> <span class='ocrx_word' id='word_1_109' title='bbox 692 1505 843 1564; x_wconf 88' lang='lat' dir='ltr'>haec</span> <span class='ocrx_word' id='word_1_110' title='bbox 887 1505 1371 1582; x_wconf 90' lang='lat' dir='ltr'>cognoscibilitas</span> <span class='ocrx_word' id='word_1_111' title='bbox 1412 1507 1528 1564; x_wconf 90' lang='lat' dir='ltr'>iam</span> <span class='ocrx_word' id='word_1_112' title='bbox 1573 1507 1766 1565; x_wconf 91' lang='lat' dir='ltr'>elucet</span> <span class='ocrx_word' id='word_1_113' title='bbox 1807 1524 1881 1565; x_wconf 89' lang='lat' dir='ltr'>ex</span> <span class='ocrx_word' id='word_1_114' title='bbox 1923 1505 2268 1582; x_wconf 90' lang='lat' dir='ltr'>principio:</span> 
     </span>
     <span class='ocr_line' id='line_1_17' title="bbox 287 1595 2335 1672; baseline -0 -19"><span class='ocrx_word' id='word_1_115' title='bbox 287 1597 547 1653; x_wconf 80' lang='lat' dir='ltr'>«Natura</span> <span class='ocrx_word' id='word_1_116' title='bbox 588 1596 647 1653; x_wconf 90' lang='lat' dir='ltr'>in</span> <span class='ocrx_word' id='word_1_117' title='bbox 678 1595 1026 1654; x_wconf 89' lang='lat' dir='ltr'>necessariis</span> <span class='ocrx_word' id='word_1_118' title='bbox 1055 1614 1385 1672; x_wconf 90' lang='lat' dir='ltr'>numquam</span> <span class='ocrx_word' id='word_1_119' title='bbox 1423 1595 1678 1654; x_wconf 79' lang='lat' dir='ltr'>deficit.»</span> <span class='ocrx_word' id='word_1_120' title='bbox 1738 1595 1921 1654; x_wconf 91' lang='lat' dir='ltr'>Certa</span> <span class='ocrx_word' id='word_1_121' title='bbox 1949 1597 2130 1653; x_wconf 88' lang='lat' dir='ltr'>enim</span> <span class='ocrx_word' id='word_1_122' title='bbox 2159 1596 2270 1653; x_wconf 87' lang='lat' dir='ltr'>Dei</span> <span class='ocrx_word' id='word_1_123' title='bbox 2334 1618 2335 1644; x_wconf 56' lang='grc' dir='ltr'>ι</span> 
     </span>
     <span class='ocr_line' id='line_1_18' title="bbox 281 1684 2270 1759; baseline 0 -17"><span class='ocrx_word' id='word_1_124' title='bbox 281 1684 546 1759; x_wconf 89' lang='lat' dir='ltr'>cognitio</span> <span class='ocrx_word' id='word_1_125' title='bbox 588 1685 665 1742; x_wconf 92' lang='lat' dir='ltr'>ad</span> <span class='ocrx_word' id='word_1_126' title='bbox 706 1685 887 1742; x_wconf 89' lang='lat' dir='ltr'>vitam</span> <span class='ocrx_word' id='word_1_127' title='bbox 931 1694 1197 1744; x_wconf 90' lang='lat' dir='ltr'>nostram</span> <span class='ocrx_word' id='word_1_128' title='bbox 1238 1696 1401 1743; x_wconf 91' lang='lat' dir='ltr'>recte</span> <span class='ocrx_word' id='word_1_129' title='bbox 1430 1684 1850 1743; x_wconf 88' lang='lat' dir='ltr'>instituendam</span> <span class='ocrx_word' id='word_1_130' title='bbox 1890 1685 2159 1743; x_wconf 88' lang='lat' dir='ltr'>omnino</span> <span class='ocrx_word' id='word_1_131' title='bbox 2187 1695 2270 1742; x_wconf 90' lang='lat' dir='ltr'>est</span> 
     </span>
     <span class='ocr_line' id='line_1_19' title="bbox 280 1773 2268 1850; baseline 0 -19"><span class='ocrx_word' id='word_1_132' title='bbox 280 1774 650 1846; x_wconf 77' lang='lat' dir='ltr'>necessaria3</span> <span class='ocrx_word' id='word_1_133' title='bbox 700 1774 839 1849; x_wconf 91' lang='lat' dir='ltr'>quia</span> <span class='ocrx_word' id='word_1_134' title='bbox 880 1774 1009 1832; x_wconf 91' lang='lat' dir='ltr'>sine</span> <span class='ocrx_word' id='word_1_135' title='bbox 1052 1792 1125 1832; x_wconf 91' lang='lat' dir='ltr'>ea</span> <span class='ocrx_word' id='word_1_136' title='bbox 1168 1792 1368 1850; x_wconf 89' lang='lat' dir='ltr'>neque</span> <span class='ocrx_word' id='word_1_137' title='bbox 1411 1775 1543 1832; x_wconf 90' lang='lat' dir='ltr'>finis</span> <span class='ocrx_word' id='word_1_138' title='bbox 1584 1773 1841 1832; x_wconf 91' lang='lat' dir='ltr'>hominis</span> <span class='ocrx_word' id='word_1_139' title='bbox 1883 1773 2137 1832; x_wconf 87' lang='lat' dir='ltr'>ultimus</span> <span class='ocrx_word' id='word_1_140' title='bbox 2178 1792 2268 1832; x_wconf 90' lang='lat' dir='ltr'>co-</span> 
     </span>
     <span class='ocr_line' id='line_1_20' title="bbox 280 1862 2337 1952; baseline -0.001 -31"><span class='ocrx_word' id='word_1_141' title='bbox 280 1863 600 1939; x_wconf 88' lang='lat' dir='ltr'>gnoscitur,</span> <span class='ocrx_word' id='word_1_142' title='bbox 646 1880 843 1938; x_wconf 88' lang='lat' dir='ltr'>neque</span> <span class='ocrx_word' id='word_1_143' title='bbox 886 1862 1085 1922; x_wconf 91' lang='lat' dir='ltr'>media</span> <span class='ocrx_word' id='word_1_144' title='bbox 1126 1863 1207 1921; x_wconf 92' lang='lat' dir='ltr'>ad</span> <span class='ocrx_word' id='word_1_145' title='bbox 1249 1862 1460 1941; x_wconf 90' lang='lat' dir='ltr'>ipsum.</span> <span class='ocrx_word' id='word_1_146' title='bbox 2336 1900 2337 1952; x_wconf 49' lang='lat'>3</span> 
     </span>
    </p>
   </div>
   <div class='ocr_carea' id='block_1_5' title="bbox 403 2016 2099 2077">
    <p class='ocr_par' dir='ltr' id='par_1_6' title="bbox 403 2016 2099 2077">
     <span class='ocr_line' id='line_1_21' title="bbox 403 2016 2099 2077; baseline 0.001 -3"><span class='ocrx_word' id='word_1_147' title='bbox 403 2016 657 2075; x_wconf 82' lang='lat' dir='ltr'>Assertio</span> <span class='ocrx_word' id='word_1_148' title='bbox 698 2018 786 2075; x_wconf 91' lang='lat' dir='ltr'>II.</span> <span class='ocrx_word' id='word_1_149' title='bbox 831 2049 907 2056; x_wconf 94' lang='lat'>—</span> <span class='ocrx_word' id='word_1_150' title='bbox 949 2018 1144 2075; x_wconf 85' lang='lat' dir='ltr'>Deum</span> <span class='ocrx_word' id='word_1_151' title='bbox 1193 2019 1458 2075; x_wconf 82' lang='lat' dir='ltr'>exsistere</span> <span class='ocrx_word' id='word_1_152' title='bbox 1496 2017 1883 2075; x_wconf 80' lang='lat' dir='ltr'>demonstrari</span> <span class='ocrx_word' id='word_1_153' title='bbox 1919 2017 2099 2077; x_wconf 86' lang='lat' dir='ltr'>debet.</span> 
     </span>
    </p>
   </div>
   <div class='ocr_carea' id='block_1_6' title="bbox 402 2150 1248 2227">
    <p class='ocr_par' dir='ltr' id='par_1_7' title="bbox 402 2150 1248 2227">
     <span class='ocr_line' id='line_1_22' title="bbox 402 2150 1248 2227; baseline 0.001 -20"><span class='ocrx_word' id='word_1_154' title='bbox 402 2151 575 2224; x_wconf 86' lang='lat' dir='ltr'>Quae</span> <span class='ocrx_word' id='word_1_155' title='bbox 618 2150 863 2209; x_wconf 88' lang='lat' dir='ltr'>assertio</span> <span class='ocrx_word' id='word_1_156' title='bbox 906 2150 1248 2227; x_wconf 86' lang='lat' dir='ltr'>explicatur.</span> 
     </span>
    </p>
   </div>
   <div class='ocr_carea' id='block_1_7' title="bbox 280 2264 2268 2785">
    <p class='ocr_par' dir='ltr' id='par_1_8' title="bbox 280 2264 2268 2785">
     <span class='ocr_line' id='line_1_23' title="bbox 403 2264 2264 2340; baseline 0 -19"><span class='ocrx_word' id='word_1_157' title='bbox 403 2265 542 2322; x_wconf 92' lang='lat' dir='ltr'>Non</span> <span class='ocrx_word' id='word_1_158' title='bbox 584 2283 872 2340; x_wconf 89' lang='lat' dir='ltr'>negamus</span> <span class='ocrx_word' id='word_1_159' title='bbox 912 2266 1109 2324; x_wconf 90' lang='lat' dir='ltr'>Deum</span> <span class='ocrx_word' id='word_1_160' title='bbox 1153 2264 1434 2323; x_wconf 88' lang='lat' dir='ltr'>exsistere</span> <span class='ocrx_word' id='word_1_161' title='bbox 1477 2264 1629 2321; x_wconf 86' lang='lat' dir='ltr'>credi</span> <span class='ocrx_word' id='word_1_162' title='bbox 1655 2273 1821 2340; x_wconf 80' lang='lat' dir='ltr'>posse</span> <span class='ocrx_word' id='word_1_163' title='bbox 1862 2265 1939 2323; x_wconf 92' lang='lat' dir='ltr'>ab</span> <span class='ocrx_word' id='word_1_164' title='bbox 1981 2283 2064 2323; x_wconf 93' lang='lat' dir='ltr'>eo</span> <span class='ocrx_word' id='word_1_165' title='bbox 2083 2312 2098 2336; x_wconf 92' lang='lat'><em>,</em></span> <span class='ocrx_word' id='word_1_166' title='bbox 2167 2265 2264 2339; x_wconf 89' lang='lat' dir='ltr'>qui</span> 
     </span>
     <span class='ocr_line' id='line_1_24' title="bbox 280 2352 2268 2429; baseline 0.003 -21"><span class='ocrx_word' id='word_1_167' title='bbox 280 2352 419 2411; x_wconf 90' lang='lat' dir='ltr'>huic</span> <span class='ocrx_word' id='word_1_168' title='bbox 474 2354 845 2413; x_wconf 85' lang='lat' dir='ltr'>exsistentiae</span> <span class='ocrx_word' id='word_1_169' title='bbox 896 2353 1182 2413; x_wconf 88' lang='lat' dir='ltr'>assentire</span> <span class='ocrx_word' id='word_1_170' title='bbox 1239 2354 1362 2412; x_wconf 86' lang='lat' dir='ltr'>vult</span> <span class='ocrx_word' id='word_1_171' title='bbox 1415 2363 1663 2429; x_wconf 89' lang='lat' dir='ltr'>propter</span> <span class='ocrx_word' id='word_1_172' title='bbox 1719 2353 2142 2413; x_wconf 86' lang='lat' dir='ltr'>auctoritatem</span> <span class='ocrx_word' id='word_1_173' title='bbox 2185 2374 2268 2412; x_wconf 89' lang='lat' dir='ltr'>as-</span> 
     </span>
     <span class='ocr_line' id='line_1_25' title="bbox 281 2438 2265 2519; baseline 0.001 -20"><span class='ocrx_word' id='word_1_174' title='bbox 281 2442 617 2501; x_wconf 88' lang='lat' dir='ltr'>serentium.</span> <span class='ocrx_word' id='word_1_175' title='bbox 650 2438 654 2442; x_wconf 81' lang='grc'><strong>’</strong></span> <span class='ocrx_word' id='word_1_176' title='bbox 702 2445 843 2502; x_wconf 94' lang='lat' dir='ltr'>Hoc</span> <span class='ocrx_word' id='word_1_177' title='bbox 886 2444 1047 2502; x_wconf 90' lang='lat' dir='ltr'>enim</span> <span class='ocrx_word' id='word_1_178' title='bbox 1090 2442 1312 2501; x_wconf 90' lang='lat' dir='ltr'>cotidie</span> <span class='ocrx_word' id='word_1_179' title='bbox 1354 2443 1432 2513; x_wconf 88' lang='lat' dir='ltr'>fit,</span> <span class='ocrx_word' id='word_1_180' title='bbox 1477 2442 1660 2518; x_wconf 91' lang='lat' dir='ltr'>idque</span> <span class='ocrx_word' id='word_1_181' title='bbox 1690 2444 1937 2501; x_wconf 90' lang='lat' dir='ltr'>omnino</span> <span class='ocrx_word' id='word_1_182' title='bbox 1975 2443 2265 2519; x_wconf 88' lang='lat' dir='ltr'>legitime.</span> 
     </span>
     <span class='ocr_line' id='line_1_26' title="bbox 282 2530 2266 2609; baseline 0.001 -21"><span class='ocrx_word' id='word_1_183' title='bbox 282 2530 403 2589; x_wconf 89' lang='lat' dir='ltr'>Sed</span> <span class='ocrx_word' id='word_1_184' title='bbox 457 2531 608 2590; x_wconf 90' lang='lat' dir='ltr'>haec</span> <span class='ocrx_word' id='word_1_185' title='bbox 663 2532 811 2591; x_wconf 89' lang='lat' dir='ltr'>fides</span> <span class='ocrx_word' id='word_1_186' title='bbox 864 2532 1147 2609; x_wconf 89' lang='lat' dir='ltr'>supponit</span> <span class='ocrx_word' id='word_1_187' title='bbox 1188 2540 1429 2601; x_wconf 90' lang='lat' dir='ltr'>testem,</span> <span class='ocrx_word' id='word_1_188' title='bbox 1487 2532 1695 2589; x_wconf 90' lang='lat' dir='ltr'>saltem</span> <span class='ocrx_word' id='word_1_189' title='bbox 1745 2532 2012 2589; x_wconf 90' lang='lat' dir='ltr'>ultimum</span> <span class='ocrx_word' id='word_1_190' title='bbox 2031 2579 2046 2603; x_wconf 94' lang='lat'><em>‚</em></span> <span class='ocrx_word' id='word_1_191' title='bbox 2107 2534 2266 2591; x_wconf 89' lang='lat' dir='ltr'>hanc</span> 
     </span>
     <span class='ocr_line' id='line_1_27' title="bbox 282 2620 2266 2696; baseline 0.001 -19"><span class='ocrx_word' id='word_1_192' title='bbox 282 2621 398 2678; x_wconf 91' lang='lat' dir='ltr'>Dei</span> <span class='ocrx_word' id='word_1_193' title='bbox 428 2621 823 2679; x_wconf 88' lang='lat' dir='ltr'>exsistentiam</span> <span class='ocrx_word' id='word_1_194' title='bbox 852 2620 964 2680; x_wconf 88' lang='lat' dir='ltr'>sibi</span> <span class='ocrx_word' id='word_1_195' title='bbox 991 2621 1215 2679; x_wconf 91' lang='lat' dir='ltr'>habere</span> <span class='ocrx_word' id='word_1_196' title='bbox 1246 2621 1740 2680; x_wconf 88' lang='lat' dir='ltr'>demonstratam:</span> <span class='ocrx_word' id='word_1_197' title='bbox 1771 2620 2075 2696; x_wconf 89' lang='lat' dir='ltr'>loquimur</span> <span class='ocrx_word' id='word_1_198' title='bbox 2105 2623 2266 2681; x_wconf 89' lang='lat' dir='ltr'>enim</span> 
     </span>
     <span class='ocr_line' id='line_1_28' title="bbox 282 2710 1367 2785; baseline 0.001 -18"><span class='ocrx_word' id='word_1_199' title='bbox 282 2710 358 2767; x_wconf 91' lang='lat' dir='ltr'>de</span> <span class='ocrx_word' id='word_1_200' title='bbox 401 2710 518 2767; x_wconf 91' lang='lat' dir='ltr'>fide</span> <span class='ocrx_word' id='word_1_201' title='bbox 561 2710 821 2769; x_wconf 89' lang='lat' dir='ltr'>humana</span> <span class='ocrx_word' id='word_1_202' title='bbox 863 2728 1054 2785; x_wconf 89' lang='lat' dir='ltr'>eaque</span> <span class='ocrx_word' id='word_1_203' title='bbox 1096 2710 1367 2768; x_wconf 89' lang='lat' dir='ltr'>naturali.</span> 
     </span>
    </p>
   </div>
   <div class='ocr_carea' id='block_1_8' title="bbox 281 2806 2268 3161">
    <p class='ocr_par' dir='ltr' id='par_1_9' title="bbox 281 2806 2268 3045">
     <span class='ocr_line' id='line_1_29' title="bbox 403 2806 2268 2884; baseline -0.001 -18"><span class='ocrx_word' id='word_1_204' title='bbox 403 2808 852 2866; x_wconf 90' lang='lat' dir='ltr'>Demonstratio</span> <span class='ocrx_word' id='word_1_205' title='bbox 896 2808 1270 2868; x_wconf 87' lang='lat' dir='ltr'>exsistentiae</span> <span class='ocrx_word' id='word_1_206' title='bbox 1309 2808 1444 2879; x_wconf 91' lang='lat' dir='ltr'>Dei,</span> <span class='ocrx_word' id='word_1_207' title='bbox 1489 2806 1535 2866; x_wconf 91' lang='lat' dir='ltr'>si</span> <span class='ocrx_word' id='word_1_208' title='bbox 1579 2807 1658 2866; x_wconf 92' lang='lat' dir='ltr'>ad</span> <span class='ocrx_word' id='word_1_209' title='bbox 1688 2806 2129 2884; x_wconf 88' lang='lat' dir='ltr'>perfectionem</span> <span class='ocrx_word' id='word_1_210' title='bbox 2173 2826 2268 2866; x_wconf 92' lang='lat' dir='ltr'>co-</span> 
     </span>
     <span class='ocr_line' id='line_1_30' title="bbox 281 2895 2264 2973; baseline 0.001 -21"><span class='ocrx_word' id='word_1_211' title='bbox 281 2896 562 2970; x_wconf 88' lang='lat' dir='ltr'>gnitionis</span> <span class='ocrx_word' id='word_1_212' title='bbox 621 2895 980 2956; x_wconf 89' lang='lat' dir='ltr'>attendimus</span> <span class='ocrx_word' id='word_1_213' title='bbox 1001 2942 1015 2968; x_wconf 91' lang='lat'><em>,</em></span> <span class='ocrx_word' id='word_1_214' title='bbox 1078 2897 1302 2971; x_wconf 91' lang='lat' dir='ltr'>duplex</span> <span class='ocrx_word' id='word_1_215' title='bbox 1361 2895 1641 2971; x_wconf 89' lang='lat' dir='ltr'>distingui</span> <span class='ocrx_word' id='word_1_216' title='bbox 1700 2907 1931 2972; x_wconf 89' lang='lat' dir='ltr'>potest:</span> <span class='ocrx_word' id='word_1_217' title='bbox 2003 2897 2264 2973; x_wconf 84' lang='lat' dir='ltr'>vulgaris</span> 
     </span>
     <span class='ocr_line' id='line_1_31' title="bbox 282 2984 993 3045; baseline 0.004 -3"><span class='ocrx_word' id='word_1_218' title='bbox 282 2984 510 3044; x_wconf 91' lang='lat' dir='ltr'>scilicet</span> <span class='ocrx_word' id='word_1_219' title='bbox 550 2996 611 3044; x_wconf 93' lang='lat' dir='ltr'>et</span> <span class='ocrx_word' id='word_1_220' title='bbox 652 2986 993 3045; x_wconf 89' lang='lat' dir='ltr'>scientifica.</span> 
     </span>
    </p>

    <p class='ocr_par' dir='ltr' id='par_1_10' title="bbox 411 3083 2262 3161">
     <span class='ocr_line' id='line_1_32' title="bbox 411 3083 2262 3161; baseline 0.001 -20"><span class='ocrx_word' id='word_1_221' title='bbox 411 3104 458 3143; x_wconf 94' lang='lat'>1.</span> <span class='ocrx_word' id='word_1_222' title='bbox 492 3085 757 3158; x_wconf 81' lang='lat' dir='ltr'>Vulgaris</span> <span class='ocrx_word' id='word_1_223' title='bbox 783 3103 855 3142; x_wconf 92' lang='lat' dir='ltr'>ea</span> <span class='ocrx_word' id='word_1_224' title='bbox 874 3093 978 3156; x_wconf 88' lang='lat' dir='ltr'>est,</span> <span class='ocrx_word' id='word_1_225' title='bbox 1014 3101 1166 3161; x_wconf 91' lang='lat' dir='ltr'>quae</span> <span class='ocrx_word' id='word_1_226' title='bbox 1196 3086 1260 3141; x_wconf 89' lang='lat' dir='ltr'>fit</span> <span class='ocrx_word' id='word_1_227' title='bbox 1279 3085 1448 3159; x_wconf 91' lang='lat' dir='ltr'>quasi</span> <span class='ocrx_word' id='word_1_228' title='bbox 1467 3094 1676 3143; x_wconf 90' lang='lat' dir='ltr'>natura</span> <span class='ocrx_word' id='word_1_229' title='bbox 1703 3084 1874 3155; x_wconf 89' lang='lat' dir='ltr'>duce,</span> <span class='ocrx_word' id='word_1_230' title='bbox 1907 3083 2070 3142; x_wconf 86' lang='lat' dir='ltr'>facili</span> <span class='ocrx_word' id='word_1_231' title='bbox 2090 3084 2262 3143; x_wconf 88' lang='lat' dir='ltr'>ratio-</span> 
     </span>
    </p>
   </div>
   <div class='ocr_carea' id='block_1_9' title="bbox 285 3170 2260 3249">
    <p class='ocr_par' dir='ltr' id='par_1_11' title="bbox 285 3170 2260 3249">
     <span class='ocr_line' id='line_1_33' title="bbox 285 3170 2260 3249; baseline 0.001 -19"><span class='ocrx_word' id='word_1_232' title='bbox 285 3170 445 3230; x_wconf 91' lang='lat' dir='ltr'>cinio</span> <span class='ocrx_word' id='word_1_233' title='bbox 462 3218 475 3244; x_wconf 92' lang='lat'><em>,</em></span> <span class='ocrx_word' id='word_1_234' title='bbox 535 3173 699 3231; x_wconf 90' lang='lat' dir='ltr'>cuius</span> <span class='ocrx_word' id='word_1_235' title='bbox 753 3172 1210 3249; x_wconf 85' lang='lat' dir='ltr'>praemissarum</span> <span class='ocrx_word' id='word_1_236' title='bbox 1264 3173 1572 3233; x_wconf 87' lang='lat' dir='ltr'>veritatem</span> <span class='ocrx_word' id='word_1_237' title='bbox 1625 3191 1868 3232; x_wconf 90' lang='lat' dir='ltr'>necnon</span> <span class='ocrx_word' id='word_1_238' title='bbox 1925 3190 2065 3231; x_wconf 88' lang='lat' dir='ltr'>cum</span> <span class='ocrx_word' id='word_1_239' title='bbox 2123 3192 2260 3232; x_wconf 91' lang='lat' dir='ltr'>con-</span> 
     </span>
    </p>
   </div>
   <div class='ocr_carea' id='block_1_10' title="bbox 283 3260 2260 3420">
    <p class='ocr_par' dir='ltr' id='par_1_12' title="bbox 283 3260 2260 3420">
     <span class='ocr_line' id='line_1_34' title="bbox 283 3260 2260 3339; baseline 0.002 -20"><span class='ocrx_word' id='word_1_240' title='bbox 283 3260 547 3319; x_wconf 89' lang='lat' dir='ltr'>clusione</span> <span class='ocrx_word' id='word_1_241' title='bbox 589 3260 988 3320; x_wconf 90' lang='lat' dir='ltr'>conexionem</span> <span class='ocrx_word' id='word_1_242' title='bbox 1030 3279 1153 3320; x_wconf 91' lang='lat' dir='ltr'>non</span> <span class='ocrx_word' id='word_1_243' title='bbox 1197 3262 1434 3334; x_wconf 89' lang='lat' dir='ltr'>reflexe,</span> <span class='ocrx_word' id='word_1_244' title='bbox 1481 3261 1587 3321; x_wconf 93' lang='lat' dir='ltr'>sed</span> <span class='ocrx_word' id='word_1_245' title='bbox 1628 3262 1831 3320; x_wconf 79' lang='lat' dir='ltr'>directe</span> <span class='ocrx_word' id='word_1_246' title='bbox 1868 3272 2106 3321; x_wconf 90' lang='lat' dir='ltr'>tantum</span> <span class='ocrx_word' id='word_1_247' title='bbox 2131 3281 2260 3339; x_wconf 91' lang='lat' dir='ltr'>per·</span> 
     </span>
     <span class='ocr_line' id='line_1_35' title="bbox 284 3346 843 3420; baseline 0.004 -16"><span class='ocrx_word' id='word_1_248' title='bbox 284 3346 458 3420; x_wconf 88' lang='lat' dir='ltr'>spicit</span> <span class='ocrx_word' id='word_1_249' title='bbox 498 3348 843 3406; x_wconf 80' lang='lat' dir='ltr'>intellectus,</span> 
     </span>
    </p>
   </div>
  </div>
 </body>
</html>
