2367 3850
271 224 336 280 28
709 235 1211 274 ANTHROPOLOGIA.
1278 235 1414 272 PARS
1455 235 1800 272 ANALYTICA.

267 384 630 444 venientiam
684 401 848 441 sensu
889 391 1213 460 perceptam
1227 427 1244 452 ,
1302 383 1339 442 i.
1384 401 1436 442 e.
1485 382 1838 442 inclinamur
1890 382 1971 442 ad
2018 383 2283 442 bonum

267 475 480 532 sensile.
565 473 705 546 Quo
760 471 1006 548 speciali
1060 483 1335 548 respectu
1352 517 1365 542 ,
1428 473 1569 546 quia
1622 471 1848 531 scilicet
1900 482 1992 530 est
2060 491 2103 528 a
2174 489 2281 529 co·

270 561 537 638 gnitione
593 562 789 620 elicita
806 608 820 633 ,
877 560 1184 619 inclinatio
1240 561 1582 620 animalium
1636 561 1716 620 ad
1768 563 1999 619 bonum
2053 559 2283 618 distin-

269 652 464 728 guitur
504 651 580 708 ab
623 649 1105 710 inclinationibus
1151 649 1377 709 entium
1432 649 1780 708 inferiorum
1796 694 1811 721 ,
1867 649 2281 710 mineralium

271 749 330 800 et
371 742 705 816 plantarum
722 785 734 808 ,
793 756 1045 814 quorum
1092 739 1508 799 inclinationes
1562 740 1625 798 in
1680 741 1827 798 fines
1883 745 2197 797 emanant
2244 757 2283 796 a

270 829 484 888 natura'
507 829 772 905 ipsorum
799 827 928 888 sine
953 829 1072 886 ulla
1101 827 1513 888 delectationis
1539 829 1634 888 vel
1654 827 1875 887 doloris
1904 827 2280 886 sensatione

272 928 370 976 aut
410 919 531 976 ulla
571 917 812 993 praevia
855 918 1199 994 cognitione
1241 917 1389 989 eim,
1450 916 1613 993 quod
1654 917 1994 976 intenditur.
2076 917 2279 974 Haec

273 1017 495 1076 autem,
554 1025 707 1080 quae
749 1025 788 1064 a
827 1016 1036 1064 natura
1079 1007 1486 1082 proficiscitur,
1544 1006 1852 1065 inclinatio
1907 1005 2136 1065 dicitur
2180 1005 2280 1063 in-

274 1096 514 1154 clinatio
557 1096 836 1154 naturalis
878 1097 972 1154 vel
1009 1097 1292 1172 appetitus
1332 1097 1619 1154 naturalis
1639 1097 1673 1154 ¹.

397 1186 670 1244 Facultas
723 1192 908 1242 autem
921 1230 940 1253 ,
1001 1204 1117 1260 qua
1175 1186 1367 1244 vivens
1420 1187 1753 1260 cognitivum
1806 1185 2129 1244 inclinatur
2185 1185 2285 1242 ad

274 1275 475 1332 bonum
528 1275 774 1332 sensibus
828 1275 1235 1350 apprehensum
1288 1276 1384 1334 vel
1430 1269 1538 1335 ad*
1563 1275 1961 1348 refugiendum
2011 1275 2269 1343 malum,

274 1364 480 1421 dicitur
519 1374 801 1436 appetitus
839 1373 1164 1424 sensitivus.

394 1453 596 1510 Motus
649 1471 781 1511 vero
836 1453 1115 1529 appetitus
1168 1455 1423 1512 sensitivi
1471 1460 1631 1512 ortus
1682 1471 1755 1510 ex
1809 1453 2273 1530 apprehensione

279 1543 410 1600 boni
445 1543 539 1600 vel
574 1544 728 1611 mali,
789 1543 997 1601 dicitur
1034 1545 1301 1620 appetitio
1339 1545 1621 1601 sensitiva.
1706 1543 1879 1616 Quae
1923 1561 2059 1601 cum
2105 1562 2269 1603 non-

278 1649 633 1706 numquam,
693 1631 1040 1707 praesertim
1081 1632 1325 1707 quando
1366 1631 1688 1692 vehemens
1730 1642 1847 1703 est,
1902 1642 2267 1690 transmuta-
2364 1629 2367 1644 '

275 1721 469 1782 tiones
499 1722 843 1796 corporales
872 1716 1341 1797 (Aufregungen,
1372 1716 1685 1796 emotions)
1714 1721 1777 1778 in
1804 1720 1981 1780 nobis
2008 1721 2261 1793 efficiat,

277 1809 491 1868 dicitur
531 1809 709 1868 etiam
751 1817 994 1882 passio*-

404 1899 750 1959 Notandum
792 1899 1052 1976 denique
1095 1899 1496 1959 sensationem
1532 1899 1691 1959 illam
1720 1899 2136 1959 delectationis
2164 1901 2265 1958 vel
2356 1968 2359 1971 ⁴

277 1989 500 2048 doloris
543 1990 726 2049 semel
770 1989 1033 2047 habitam
1086 1989 1377 2048 memoria
1417 1990 1479 2047 in
1534 1988 1708 2048 nobis
1750 1991 1997 2061 servari,
2054 1990 2141 2047 ita
2195 2000 2263 2047 ut
2356 1980 2359 2027 ἶ

277 2097 412 2139 cum
469 2078 849 2137 revocatione
909 2079 1334 2155 phantasmatis
1389 2078 1638 2150 obiecti,
1702 2080 1868 2154 quod
1925 2097 2059 2138 eam
2121 2097 2260 2154 pro-

276 2168 455 2239 duxit,
501 2178 562 2226 et
601 2167 730 2243 ipsa
771 2176 1009 2243 semper
1049 2178 1378 2227 revocetur.

398 2260 474 2315 ΙΙ.
519 2258 816 2333 Appetitas
854 2259 1110 2317 sensitivi
1147 2267 1373 2330 species
1417 2259 1859 2331 distinguuntur.
1891 2289 1971 2296 —
2008 2256 2109 2315 Ad
2154 2257 2260 2316 ob·
2321 2254 2327 2260 ’
2354 2223 2367 2497 q

278 2346 496 2405 iectum
539 2346 918 2423 appetitionis
961 2346 1272 2413 sensitivae
1316 2348 1691 2407 attendentes
1730 2347 1999 2405 videmus
2058 2346 2259 2423 ipsum

277 2454 405 2493 esse
436 2454 672 2511 semper
699 2437 1010 2505 materiale,
1053 2437 1090 2494 i.
1123 2454 1174 2495 e.
1207 2454 1581 2513 corporeum,
1624 2445 1931 2495 extensum
1969 2435 2031 2493 in
2060 2435 2258 2511 spatio

275 2534 333 2582 et
373 2524 436 2582 in
479 2535 766 2601 tempore,
813 2526 987 2600 quale
1025 2525 1252 2585 scilicet
1281 2526 1548 2585 sensibus
1576 2526 1937 2601 perhibetur.
1996 2526 2255 2583 Possunt

275 2614 476 2671 tamen
515 2615 635 2673 duo
663 2614 725 2672 in
753 2614 884 2691 ipso
913 2625 1217 2690 respectus
1246 2616 1463 2675 diversi
1492 2615 1877 2685 considerari,
1919 2613 2253 2673 secundum

277 2694 428 2777 quos
483 2704 592 2762 sub
647 2722 868 2779 genere
924 2704 1347 2763 materialitatis
1403 2706 1550 2764 duas
1606 2704 1973 2781 distinguunt
2026 2702 2253 2780 appeti-

275 2791 454 2850 tionis
494 2792 805 2851 sensitivae
847 2792 1107 2868 species:

404 2900 452 2938 1.
498 2883 613 2939 Vel
655 2882 815 2947 enim
859 2882 1329 2958 apprehenditur
1384 2883 1686 2942 obiectum
1728 2854 1874 2941 illud
1917 2891 1983 2940 ut
2022 2882 2249 2941 bonum

276 2970 372 3026 vel
415 2972 634 3029 malum
675 2973 736 3029 in
779 2990 842 3031 se
886 2972 1234 3047 simpliciter
1282 2983 1641 3049 spectatum,
1699 2974 1854 3030 omni
1888 2979 2097 3033 semota
2137 2970 2249 3045 dif-

260 3058 553 3132 ficultate,
616 3061 805 3135 qualis
861 3072 948 3121 est
1002 3062 1168 3120 cibus
1222 3072 1491 3139 paratus,
1554 3080 1734 3137 quem
1763 3082 1777 3087 ··
1796 3061 2023 3125 animal·
2066 3060 2248 3124 «facite

280 3166 497 3222 capere
539 3144 770 3225 potest3
826 3162 887 3210 et
926 3162 1068 3209 tunc
1110 3151 1405 3227 appetitus
1422 3172 1437 3223 ‚·
1494 3152 1572 3209 ad
1628 3170 1808 3227 quem
1858 3152 2109 3209 refertur
2151 3151 2249 3208 ob-

277 3234 494 3295 iectum
536 3240 728 3297 taliter
755 3242 1213 3315 apprehensum,
1259 3240 1473 3300 dicitur
1501 3243 1779 3317 appetitus
1806 3239 2242 3315 concupiscibilis.

409 3414 426 3447 ¹
464 3417 540 3465 ef.
580 3391 681 3464 voi.
720 3417 760 3476 1,
801 3418 918 3479 365·
1067 3416 1088 3447 ⁸
1127 3418 1205 3467 cf.
1246 3418 1369 3466 ibid.
1410 3436 1459 3481 p.
1502 3418 1655 3479 283..

487 3512 502 3553 N

269 3607 610 3850 a&
835 3848 838 3850 μ
