2367 3850
762 234 837 268 DE
877 233 1190 271 UNICITATE
1230 233 1470 270 ANIMAE.
2004 235 2094 270 101

248 401 299 438 1.
342 381 632 439 Fautores
673 382 1073 451 trz'clzotomiae‚
1118 381 1221 457 qui
1263 380 1376 439 tria
1416 381 1736 458 opinantur
1764 382 1826 440 in
1854 382 2100 442 homine

113 489 247 530 esse
292 470 625 546 principia:
688 489 905 547 corpus
947 471 1206 542 scilicet,
1251 471 1636 530 substantiam
1679 470 2100 548 incorpoream

113 580 153 618 a
180 561 323 618 Deo
367 571 650 630 creatam,
696 559 958 618 animam
986 559 1340 619 sentientem
1369 559 1756 636 generatione
1787 561 2102 619 oriundam

118 643 426 724 (Occam).

246 759 301 796 2.
346 739 809 798 Recentioribus
851 740 1218 817 temporibus
1254 739 1603 815 praesertim
1630 739 1914 798 Antonius
1947 738 2103 797 Giin-

114 829 249 884 ther
294 822 353 902 (†
403 823 597 904 1863).
683 828 805 903 Qui
845 828 993 886 duas
1045 828 1109 886 in
1167 844 1537 904 unoquoque
1592 828 1839 887 homine
1899 827 2102 886 docuit

118 935 253 976 esse
300 917 559 976 animas:
626 908 777 994 ψυχή
826 912 1208 994 (principium
1249 917 1405 976 vitae
1445 917 1816 994 vegetativae
1860 928 1920 976 et
1974 934 2102 975 sen-

119 1001 354 1080 sitivae)
398 1017 458 1064 et
499 1005 715 1070 πνεῦμα
760 1002 1140 1084 (principium
1182 1008 1340 1066 vitae
1382 1000 1725 1081 rationalis).

243 1096 455 1170 Qualis
484 1106 683 1154 autem
710 1097 797 1154 sit·
810 1097 1093 1154 Ecclesiae
1118 1098 1418 1155 catholicae
1445 1097 1558 1155 hac
1587 1097 1665 1156 de
1693 1114 1758 1155 re
1789 1094 2098 1165 sententia,

119 1184 327 1262 colligi
367 1193 567 1261 potest

248 1295 298 1332 1.
344 1293 421 1332 ex
462 1292 561 1347 e0‚
611 1274 775 1350 quod
820 1275 1114 1334 Giinther-i
1155 1274 1320 1346 libri,
1379 1275 1442 1332 in
1483 1275 1700 1350 quibus
1741 1273 2098 1334 sententiam

119 1381 288 1421 suam
328 1363 747 1439 propugnavit,
792 1363 984 1423 Indici
1027 1365 1313 1423 librorum
1351 1363 1785 1440 prohibitorum
1816 1363 2099 1438 adscripti

122 1461 295 1527 sunt3
1213 1465 1216 1468 ’

244 1561 299 1598 2.
343 1560 417 1600 ex
459 1541 656 1601 verbis
690 1540 779 1601 Pii
806 1543 1005 1618 Papae
1034 1545 1138 1614 IX,
1183 1542 1286 1618 qui
1327 1542 1580 1618 epistola
1623 1542 1701 1600 ad
1744 1541 2097 1618 episcopum

119 1630 645 1691 wratislaviensem
689 1627 1003 1708 (Breslau),
1049 1633 1190 1690 data
1232 1633 1330 1691 die
1376 1651 1450 1706 30
1492 1631 1716 1708 Aprilis
1765 1631 1944 1702 1860,
2002 1630 2101 1689 de-

120 1721 368 1778 claravit
408 1722 568 1780 hanc
623 1721 1008 1794 sententiam,
1067 1739 1222 1796 quae
1278 1739 1458 1780 unum
1513 1721 1576 1779 in
1630 1720 1872 1779 homine
1929 1719 2100 1794 ponit

122 1809 277 1868 vitae
306 1810 690 1886 principium,
722 1811 982 1869 animam
1012 1812 1240 1870 scilicet
1269 1811 1637 1880 rationalem,
1669 1829 1705 1867 a
1737 1827 1855 1886 qua
1881 1827 2098 1884 corpus

127 1917 369 1975 quoque
415 1910 474 1959 et
517 1909 746 1959 motum
789 1911 849 1960 et
887 1901 1070 1959 vitam
1112 1917 1358 1960 omnem
1413 1911 1472 1960 et
1527 1917 1765 1959 sensum
1823 1897 2096 1975 accipiat,

98 1990 181 2061 *in
226 1990 345 2048 Dei
400 1990 678 2049 Ecclesia
732 2008 860 2049 esse
917 1990 1463 2049 communissimam
1519 2000 1698 2065 atque
1754 1988 2098 2047 doctoribus

122 2078 443 2153 plerisque,
488 2090 549 2137 et
574 2078 1002 2155 probatissimis
1032 2080 1278 2155 quidem
1306 2078 1578 2150 maxime,
1624 2097 1758 2137 cum
1788 2077 2097 2136 Ecclesiae

120 2168 406 2244 dogmate
448 2169 531 2227 ita
570 2168 761 2227 videri
803 2168 1202 2240 coniunctam,
1248 2179 1310 2226 ut
1349 2168 1520 2226 huius
1561 2168 1634 2226 sit
1662 2167 1925 2243 legitima
1953 2168 2099 2225 sola-

123 2275 237 2332 que
296 2276 440 2316 vera
500 2258 908 2333 interpretatio
924 2304 939 2329 ,
1004 2276 1102 2316 nec
1144 2258 1391 2334 proinde
1448 2260 1566 2315 sine
1623 2275 1817 2316 errore
1873 2258 1934 2314 in
1975 2257 2102 2333 fide

116 2350 297 2422 possit
335 2349 554 2422 negari.

238 2489 451 2539 'rhesis
486 2490 765 2552 probatio.
827 2484 871 2540 I.
916 2478 1168 2551 Dircen,
1213 2500 1285 2539 ex
1325 2483 1634 2539 testimonio
1675 2481 2044 2539 conscientiae.

242 2634 293 2671 1.
354 2614 473 2671 Sua
527 2613 743 2689 cuique
799 2615 1166 2673 conscientia
1217 2615 1526 2674 evidenter
1581 2623 1825 2673 testatur
1867 2611 2097 2669 eundem

125 2720 249 2761 esse
293 2702 400 2777 qui
442 2703 666 2779 cogitet
708 2714 767 2762 et
808 2704 911 2780 qui
952 2704 1181 2775 sentiat,
1229 2714 1511 2779 curetque
1553 2701 1912 2779 indigentias
1943 2700 2097 2760 vitae

128 2792 494 2867 vegetativae
536 2803 600 2850 ut
639 2812 787 2851 suas.
853 2795 1057 2853 «Idem
1085 2796 1214 2870 ipse
1243 2795 1428 2853 homo
1459 2805 1600 2866 est,»
1648 2793 1729 2851 ait
1758 2793 1814 2851 S.
1847 2792 2094 2862 Doctor,

134 2883 264 2957 «qui
320 2882 579 2957 percipit
634 2900 698 2941 se
754 2882 1102 2959 intellegere
1158 2894 1218 2942 et
1273 2884 1545 2942 sentire.»
1633 2882 1846 2942 Unitas
1901 2890 2098 2938 autem

130 2970 223 3028 illa
242 2972 650 3030 conscientiae
681 2972 966 3048 explicari
994 2992 1118 3032 non
1146 2983 1361 3049 potest,
1392 2974 1440 3031 si
1469 2972 1808 3030 admittatur
1836 2970 2098 3029 animam

133 3060 548 3119 intellectivam
590 3061 830 3121 realiter
872 3062 1153 3138 distingui
1197 3063 1274 3121 ab
1317 3064 1520 3121 anima
1560 3061 1854 3120 sensitiva.

246 3150 486 3209 Etenim
530 3152 580 3209 si
624 3152 769 3209 duas
812 3151 1089 3227 ponimus
1131 3152 1375 3224 animaS,
1421 3153 1597 3211 aliam
1653 3150 2097 3225 intellegentem

140 3240 305 3297 aliam
346 3241 720 3313 sentientem,
764 3240 1103 3313 intellectiO,
1150 3260 1286 3300 cum
1315 3242 1388 3301 sit
1415 3240 1685 3317 operatio
1714 3240 1920 3311 vitalis,
1965 3239 2001 3297 i.
2043 3257 2096 3297 e.

140 3331 466 3400 immanens,
510 3332 808 3389 exclusive
850 3331 962 3389 erit
1002 3332 1236 3391 animae
1277 3330 1690 3402 intellectivae,
1735 3346 1858 3387 non
1901 3339 2098 3387 autem

142 3418 473 3495 sensitivae3
514 3422 659 3479 item
703 3421 979 3491 sensatiO,
1024 3440 1159 3479 cum
1203 3424 1333 3496 ipsa
1374 3436 1616 3494 quoque
1646 3419 1718 3475 sit
1745 3418 2094 3485 immanenS,
