2367 3850
753 159 834 194 DE
874 159 1083 196 DIVINO
1124 159 1449 198 CONCURSU.
2000 161 2101 212 223

113 303 292 361 modo
357 314 524 362 actus
598 307 1060 381 peccaminosus
1120 317 1212 366 est
1270 309 1497 379 bonus,
1570 309 1837 368 secundo
1897 309 2101 378 mode,

117 393 308 449 malus,
392 394 583 469 Atqui
625 397 794 453 Deus
835 396 1044 470 utique
1088 407 1179 455 est
1221 415 1403 455 causa
1443 407 1609 456 actus
1651 397 1897 474 physice
1940 416 2105 473 spec·

115 479 233 550 tati,
273 481 426 554 quia,
474 482 775 558 quidquid
804 485 1089 543 realitatis
1130 485 1189 543 ei
1230 485 1402 557 inest,
1450 505 1485 543 a
1526 503 1705 544 causa
1748 487 1943 561 prima
1984 495 2103 560 est3

115 571 270 628 Deus
309 581 510 628 autem
555 591 682 630 non
726 583 817 630 est
859 593 1040 632 causa
1082 573 1351 632 eiusdem
1398 583 1563 632 actus
1604 575 1912 633 moraliter
1940 592 2105 649 spec·

113 659 230 728 tati,
272 659 409 732 quia
453 660 620 718 illum
663 663 956 738 reprobat
995 674 1056 721 et
1099 673 1292 734 vetat,
1343 673 1403 721 et
1428 671 1719 740 peccatum
1749 666 1991 740 proprie
2032 665 2106 720 lo-

112 749 318 822 quendo
375 768 492 806 non
553 751 726 807 habet
782 770 1012 809 causam
1073 752 1411 827 efficientem
1429 797 1447 821 ,
1510 753 1613 810 sed
1664 753 2016 827 deficientem.
2030 769 2055 802 »
2092 752 2107 783 ¹

112 837 420 895 Peccatum
465 839 725 913 proinde
743 887 756 912 ‚
821 851 1116 916 quatenus
1160 851 1479 916 peccatum
1522 851 1641 912 est,
1685 861 1720 898 a
1762 842 1899 899 Deo
1941 841 2105 898 nullo

112 927 285 984 modo
327 926 677 1002 intenditur,
723 930 834 989 sed
876 940 1104 989 tantum
1150 930 1525 1005 permittitur.
1606 929 1751 987 Mali
1795 947 1940 988 vero
1984 946 2107 985 mo-

113 1015 240 1072 ralis
275 1019 708 1092 permissionem
752 1037 952 1095 neque
995 1019 1330 1097 sapientiae
1382 1036 1583 1095 neque
1648 1017 1945 1078 sanctitati
1987 1017 2105 1074 Dei

113 1121 458 1180 repugnare,
506 1109 602 1165 vel
642 1108 759 1183 ipsi
799 1109 1143 1168 molinistae
1186 1109 1551 1167 concedunt.

227 1212 290 1270 C.
341 1211 658 1270 Conclusio,
751 1234 800 1273 1.
863 1217 956 1272 Ex
997 1226 1210 1273 natura
1252 1215 1424 1272 huius
1466 1213 1886 1290 disputationis
1931 1210 2105 1270 facile

111 1300 463 1376 intellegitur
505 1303 924 1376 quaestionem
969 1303 1047 1361 de
1091 1302 1513 1380 praemotione
1558 1301 1807 1379 physica
1864 1301 1945 1358 ob
2003 1299 2105 1356 im-

111 1388 488 1447 becillitatem
551 1391 770 1448 mentis
829 1391 1130 1450 humanae
1195 1411 1315 1449 cum
1376 1391 1708 1450 certitudine
1768 1390 1918 1447 solvi
1977 1405 2101 1445 non

113 1495 296 1550 posse.
372 1478 954 1553 Argumentationes
997 1480 1256 1556 proinde
1300 1481 1463 1538 circa
1503 1481 1663 1538 hanc
1706 1497 1833 1537 rem
1876 1477 1937 1534 in
1982 1477 2103 1534 lon·

112 1566 230 1639 gius
286 1568 560 1641 protrahi
620 1587 748 1627 non
809 1569 1066 1639 debent,
1131 1568 1247 1626 nisi
1308 1570 1460 1628 forte
1522 1570 1607 1626 ad
1654 1567 2103 1625 exercitationem

111 1658 314 1715 mentis.
403 1657 528 1714 Sed
570 1668 714 1715 tunc
758 1659 1099 1716 cavendum
1143 1668 1233 1716 est
1274 1677 1311 1714 a
1350 1657 1536 1715 nimia
1578 1657 1897 1716 subtilitate
1954 1664 2013 1710 et
2069 1673 2104 1710 a

115 1743 506 1819 disputatione
551 1745 628 1804 de
671 1747 943 1818 vocibuS‚
987 1745 1256 1820 alioquin
1298 1746 1452 1804 haec
1496 1745 1765 1819 quaestio
1808 1743 2003 1819 potius
2042 1742 2101 1798 in

115 1833 530 1892 detrimentum
576 1853 758 1909 quam
802 1835 866 1892 in
908 1835 1221 1892 utilitatem
1266 1834 1553 1893 scientiae
1598 1833 1858 1892 cederet.

227 1944 274 1983 2.
348 1923 664 1982 Sententia
725 1923 1070 1983 thomistica
1124 1923 1360 1982 videtur
1414 1942 1545 1982 esse
1601 1923 1823 1990 verior,
1894 1930 2099 1995 utpote

117 2012 348 2071 fundata
387 2012 456 2070 in
499 2013 869 2072 deductione
925 2013 1130 2071 stricte
1186 2012 1417 2088 logica:
1477 2023 1567 2071 est
1623 2022 1824 2069 tamen
1878 2010 2099 2076 durior,

117 2101 242 2174 quia
281 2102 652 2177 stupendum
693 2102 883 2160 menti
923 2103 1228 2159 humanae
1272 2099 1833 2177 praedestinationis
1893 2107 2102 2172 myste-

116 2190 250 2247 rium
293 2200 506 2265 aperte
552 2192 832 2250 ostendit.
879 2221 958 2229 —
1003 2192 1313 2249 Sententia
1355 2208 1499 2248 vero
1541 2187 1970 2246 molinistarum
2015 2195 2100 2242 est

115 2282 349 2347 suavior,
397 2280 574 2337 cordi
616 2280 907 2338 libertatis
951 2280 1176 2336 amanti
1220 2279 1409 2354 magis
1452 2279 1727 2353 placens,
1788 2276 1927 2349 quia
1980 2292 2099 2347 my-

116 2368 344 2427 sterium
389 2370 564 2443 quasi
606 2379 816 2443 tegere
859 2368 1114 2426 videtur.

221 2476 276 2532 3.
323 2457 607 2517 Ecclesia
645 2468 926 2516 neutram
969 2456 1331 2515 sententiam
1375 2453 1695 2513 damnavit.

220 2567 275 2619 4.
336 2550 615 2621 Utraque
660 2548 930 2621 denique
973 2564 1142 2603 suam
1188 2543 1673 2620 probabilitatem
1732 2542 2097 2597 extrinsecam

115 2634 311 2707 habet,
374 2636 518 2711 quia
561 2655 636 2695 ex
677 2647 931 2711 utraque
976 2645 1146 2710 parte
1192 2634 1542 2691 defensores
1584 2630 1869 2687 habemus
1913 2626 2097 2702 philo-

116 2726 323 2799 sophos
366 2735 428 2784 et
468 2726 794 2799 theologos
837 2721 1398 2801 praestantissimos.

222 2832 273 2890 5.
321 2815 749 2890 Quapropter,
806 2810 904 2871 cui
947 2811 1226 2870 doctrina
1268 2809 1699 2869 molinistarum
1745 2804 1933 2879 magis
1975 2802 2094 2877 pla-

117 2904 316 2975 cuerit,
359 2903 463 2961 ille
507 2902 776 2978 ipsorum
821 2900 1180 2961 sententiam
1224 2919 1339 2958 non
1380 2897 1765 2974 imprudenter
1805 2892 2089 2951 tenebit.
2054 2891 2075 2923 ²

227 3099 242 3131 ¹
281 3102 457 3167 Egger
493 3102 527 3151 l.
568 3118 613 3151 c.
653 3120 706 3167 p.
753 3102 853 3163 189
892 3102 960 3149 ad
999 3101 1101 3150 obi.
1143 3113 1189 3162 3.

221 3178 242 3211 ²
279 3182 358 3230 Ex
395 3183 478 3231 his
516 3190 686 3247 patet:
741 3180 797 3245 a)
839 3182 1046 3243 Quanta
1083 3181 1145 3229 sit
1181 3180 1282 3228 hac
1318 3178 1368 3226 in
1407 3192 1461 3224 re
1499 3176 1600 3224 Dei
1632 3172 1927 3235 benignitas,
1955 3168 2090 3233 ‚arqui

117 3268 352 3310 creaturas
393 3264 458 3310 ad
499 3278 678 3312 omnes
717 3262 944 3311 actiones
985 3260 1122 3309 iuvat
1140 3297 1151 3319 ,
1192 3258 1291 3307 illis
1328 3256 1518 3319 ubique
1557 3259 1855 3316 cooperatur
1891 3258 1941 3297 et
1978 3264 2089 3297 cum

118 3339 199 3388 illis
249 3342 453 3391 assidue
508 3344 620 3391 dies
661 3351 942 3405 noctesque
980 3340 1132 3389 veluti
1175 3340 1384 3387 laborat.
