2367 3850
34 167 422 278 *A
717 231 1214 268 ANTHROPOLOGIA.
1280 232 1417 268 PARS
1455 231 1797 268 ANALYTICA.

399 378 766 454 Operationes
823 382 974 438 vztae
1025 381 1371 454 vegetativae
1413 377 1658 454 promde
1712 399 1830 436 cum
1885 380 2269 436 mmeralium

272 467 688 542 operationibus
726 478 988 540 generice
1027 478 1379 527 conveniunt
1418 485 1499 537 eo,
1542 469 1698 542 quod
1726 477 1861 526 sunt
1899 470 2269 544 operationes

275 557 611 606 materiales,

400 657 451 694 2
513 637 633 694 Sub
676 654 898 712 genere
942 647 1139 696 autem
1180 637 1607 696 materialitatis
1652 637 2036 712 operationes
2076 655 2265 712 vege-

271 724 491 784 tativae
546 744 582 782 a
623 725 880 784 motibus
935 726 1300 785 mechanicis
1354 726 1450 784 vel
1502 725 1762 802 physicis
1815 727 1910 784 vel
1967 725 2264 784 chemicis

273 831 594 889 corporum
623 815 931 872 brutorum
965 817 1207 890 specifice
1232 815 1519 889 differunt
1543 815 1790 890 speciali
1831 814 2093 889 quadam
2126 832 2263 890 per-

275 902 554 974 fectione,
599 921 716 978 qua
758 913 892 962 sunt
934 904 1199 962 actiones
1240 905 1603 962 immanentes
1626 905 1658 962 ².

395 993 472 1049 Et
513 1010 578 1050 re
621 992 867 1066 quidem
906 1010 1078 1062 vera,
1137 992 1186 1050 si
1228 991 1290 1049 in
1334 992 1780 1067 operationibus
1834 991 1949 1051 illis
2004 1011 2132 1050 non
2180 992 2261 1050 ad

276 1090 546 1138 naturam
602 1081 970 1140 materialem
1011 1082 1242 1140 illarum
1284 1081 1494 1140 virium
1551 1081 1819 1158 praecise
1876 1081 2259 1150 attendimUS,

275 1170 381 1228 sed
423 1168 503 1227 ad
544 1171 784 1238 modum,
843 1189 951 1244 quo
991 1171 1054 1228 in
1094 1179 1325 1246 corpore
1368 1173 1635 1244 organico
1676 1173 2052 1247 explicantur,
2106 1181 2258 1228 tunc

276 1257 637 1333 peculiarem
706 1258 769 1317 in
828 1258 970 1335 ipsis
1031 1259 1364 1334 detegimus
1424 1260 1876 1334 perfectionem.
1980 1258 2257 1318 Vidimus

276 1347 438 1405 enim
481 1348 541 1405 in
571 1349 784 1406 cellula
811 1367 862 1409 e.
893 1367 949 1424 g.
983 1348 1364 1425 operationes
1391 1349 1652 1408 diversas
1684 1348 2254 1423 intussusceptioniS,

277 1436 775 1511 augmentationis
791 1482 805 1507 ,
861 1438 1265 1513 generationis
1294 1437 1552 1500 ,incitari
1604 1438 1847 1514 quidem
1902 1438 1979 1495 ab
2035 1449 2255 1512 agente

278 1535 543 1595 extern0,
588 1526 694 1584 sed
737 1527 844 1584 sub
874 1527 974 1584 illo
1005 1527 1225 1585 influxu
1255 1527 1558 1602 procedere
1584 1528 1656 1585 ab
1682 1529 1809 1603 ῥύπα
1835 1525 2051 1594 cellula,
2103 1549 2253 1596 quae

277 1638 342 1672 se
384 1625 567 1686 ipsam
606 1623 766 1686 ponit
803 1632 864 1672 ut
902 1624 1203 1673 terminum
1255 1639 1484 1674 suarum
1525 1625 1936 1688 operationum.
2022 1615 2251 1672 Cellula

277 1705 404 1778 ip5a
433 1721 496 1761 se
527 1713 726 1762 movet
755 1699 968 1777 (motus
997 1704 1072 1762 ab
1103 1699 1447 1776 intrinseco)
1491 1705 1588 1776 ita,
1620 1715 1681 1763 ut
1695 1728 1759 1764 se
1784 1714 1967 1776 ipsam
1995 1713 2247 1772 moveat,

278 1791 316 1848 i.
357 1809 409 1850 e.
454 1811 518 1850 se
561 1793 750 1867 ipsam
793 1793 962 1868 ponit
1002 1803 1065 1851 ut
1105 1793 1425 1852 terminum
1468 1795 1555 1852 sui
1599 1789 1811 1869 (motus
1840 1786 2194 1866 immanens)
2212 1793 2246 1849 ².

401 1881 797 1941 Considerato
840 1881 1015 1958 igitur
1056 1883 1261 1955 mod0,
1308 1902 1427 1959 quo
1470 1883 1742 1959 operatio
1784 1881 2116 1958 vegetativa
2154 1881 2248 1940 eli-

279 1970 445 2041 citur,
490 1971 646 2029 hanc
674 1970 962 2047 imprimis
990 1972 1145 2031 inter
1173 1974 1363 2048 ipsam
1394 1983 1453 2031 et
1481 1972 1892 2048 operationem
1930 1989 2245 2047 corporum

277 2060 585 2118 brutorum
605 2061 934 2119 invenimus
953 2062 1367 2133 differentiam,
1390 2071 1453 2119 ut
1471 2061 1531 2119 in
1552 2060 1903 2137 operatione
1922 2059 2247 2135 vegetativa

278 2148 544 2207 activitas
586 2148 658 2207 sit
685 2152 979 2225 primario
1019 2152 1104 2209 ad
1131 2152 1457 2208 movendum
1484 2152 1600 2208 sive
1629 2150 2045 2225 perficiendum
2076 2151 2249 2225 ipsum

279 2255 481 2310 agens,
539 2256 903 2314 quamquam
945 2238 1301 2298 secundario
1345 2238 1523 2298 etiam
1570 2239 1837 2297 actiones
1890 2238 2063 2296 huius
2105 2236 2248 2295 entis

279 2335 649 2385 transeuntes
691 2339 859 2396 sunt;
901 2339 965 2387 ut
1007 2338 1216 2387 contra
1257 2326 1320 2385 in
1351 2345 1671 2427 corporum
1699 2329 2006 2386 brutorum
2050 2344 2249 2426 ope-ra·
2336 2246 2345 2493 4

279 2413 538 2475 tionibus
592 2416 743 2475 haec
798 2416 1066 2476 activitas
1113 2416 1185 2475 sit
1240 2416 1524 2500 primario
1581 2416 1658 2475 ad
1713 2415 2111 2475 movendum
2134 2416 2246 2473 sive

29 2496 58 2580 ’ξ
281 2505 628 2563 mutandum
671 2505 860 2576 aliud,
920 2524 1284 2581 quamquam
1328 2492 1682 2565 secundario
1739 2524 1812 2565 ex
1853 2505 2095 2564 actione
2136 2522 2249 2561 mo·

280 2602 448 2650 vetur
489 2595 611 2652 sive
654 2606 910 2653 mutatur
951 2595 1160 2670 ipsum.

402 2682 756 2741 Differentia
807 2683 1064 2759 proinde
1105 2682 1385 2758 specifica
1403 2729 1417 2755 ,
1475 2702 1595 2759 qua
1650 2682 2031 2759 operationes
2086 2698 2245 2756 vege·

280 2770 496 2829 tativae
539 2790 574 2828 a
603 2772 859 2831 motibus
889 2772 1263 2831 mineralium
1292 2772 1743 2847 distinguuntur,
1788 2791 1912 2830 non
1950 2772 2011 2829 in
2057 2790 2131 2830 eo
2169 2779 2244 2829 est

282 2860 650 2933 reponenda,
695 2862 860 2935 quod
901 2862 1038 2919 illae
1076 2861 1154 2919 ab
1198 2861 1338 2937 ipsis
1366 2862 1778 2939 vegetantibus
1805 2871 1868 2919 ut
1894 2882 1929 2919 a
1958 2858 2243 2936 principio

411 3010 425 3041 ¹
463 3011 653 3061 Recole
692 3028 766 3073 ea,
807 3029 934 3077 quae
974 3012 1038 3060 de
1077 3012 1287 3061 diversis
1324 3020 1547 3063 motuum
1584 3011 1664 3061 vel
1702 3012 1953 3061 actionum
1992 3010 2242 3075 speciebus

283 3092 333 3137 in
371 3092 633 3155 ontologia
672 3089 796 3155 (vol.
838 3093 876 3152 Ι,
919 3092 1021 3141 228
1060 3102 1111 3140 et
1149 3089 1279 3156 298)
1320 3092 1573 3142 declarata
1610 3102 1742 3141 sunt.
2138 3130 2141 3135 .

405 3167 428 3199 ²
470 3171 619 3221 «Sich
659 3173 817 3221 selbst
854 3173 1100 3237 bewegen
1137 3173 1291 3222 heisst
1327 3174 1433 3222 also
1483 3172 1767 3236 bewegend
1816 3173 1925 3236 auf
1965 3172 2064 3221 sich
2117 3170 2240 3219 selbst

285 3251 589 3300 einwirken»
636 3249 893 3315 (Lehmen,
935 3253 1210 3302 Lehrbuch
1247 3255 1338 3302 der
1375 3252 1701 3316 Philosophie
1726 3254 1791 3312 11,
1834 3249 1970 3314 173).
2022 3251 2102 3299 De
2139 3250 2237 3299 con*-

285 3340 435 3393 ceptu
487 3333 618 3381 vitae
657 3332 790 3380 clare
826 3333 1136 3395 scripserunt
1172 3334 1389 3382 Lehmen
1427 3333 1459 3379 1.
1500 3349 1543 3381 c.
1582 3348 1630 3395 p.
1680 3342 1991 3393 172-—177-;
2043 3330 2237 3386 Men-iet

285 3411 317 3457 1.
359 3426 401 3458 c.
442 3428 491 3473 p.
531 3422 758 3473 40—51.
836 3413 911 3460 Cf.
953 3411 1102 3459 etiam
1142 3412 1289 3459 Pescla
1328 3411 1360 3458 l.
1401 3428 1443 3459 c,
1484 3428 1535 3475 p.-
1582 3424 1677 3472 133
1716 3428 1789 3474 sq.
