<?xml version="1.0" encoding="UTF-8"?>
<!DOCTYPE html PUBLIC "-//W3C//DTD XHTML 1.0 Transitional//EN"
    "http://www.w3.org/TR/xhtml1/DTD/xhtml1-transitional.dtd">
<html xmlns="http://www.w3.org/1999/xhtml" xml:lang="en" lang="en">
 <head>
  <title>
</title>
<meta http-equiv="Content-Type" content="text/html;charset=utf-8" />
  <meta name='ocr-system' content='tesseract 3.04.00' />
  <meta name='ocr-capabilities' content='ocr_page ocr_carea ocr_par ocr_line ocrx_word'/>
</head>
<body>
  <div class='ocr_page' id='page_1' title='image "./elementaphiloso01reingoog_0174.png"; bbox 0 0 2367 3850; ppageno 0'>
   <div class='ocr_carea' id='block_1_1' title="bbox 283 214 1833 275">
    <p class='ocr_par' dir='ltr' id='par_1_1' title="bbox 283 214 1833 275">
     <span class='ocr_line' id='line_1_1' title="bbox 283 214 1833 275; baseline 0.001 -14"><span class='ocrx_word' id='word_1_1' title='bbox 283 214 377 275; x_wconf 86' lang='lat'><strong>148</strong></span> <span class='ocrx_word' id='word_1_2' title='bbox 703 226 1210 264; x_wconf 71' lang='lat' dir='ltr'><strong>ANTHRoPoLootA.</strong></span> <span class='ocrx_word' id='word_1_3' title='bbox 1277 225 1412 263; x_wconf 83' lang='lat' dir='ltr'>PARS</span> <span class='ocrx_word' id='word_1_4' title='bbox 1453 226 1833 264; x_wconf 71' lang='lat' dir='ltr'><strong>stTHEmeA.</strong></span> 
     </span>
    </p>
   </div>
   <div class='ocr_carea' id='block_1_2' title="bbox 182 355 2258 1074">
    <p class='ocr_par' dir='ltr' id='par_1_2' title="bbox 182 355 2258 1074">
     <span class='ocr_line' id='line_1_2' title="bbox 182 355 2256 450; baseline 0 -18"><span class='ocrx_word' id='word_1_5' title='bbox 182 355 193 368; x_wconf 48' lang='lat'><em>⁵</em></span> <span class='ocrx_word' id='word_1_6' title='bbox 273 391 439 432; x_wconf 84' lang='lat' dir='ltr'><strong>mors.</strong></span> <span class='ocrx_word' id='word_1_7' title='bbox 540 374 837 450; x_wconf 85' lang='lat' dir='ltr'><strong>Legitima</strong></span> <span class='ocrx_word' id='word_1_8' title='bbox 896 373 1057 433; x_wconf 90' lang='lat' dir='ltr'><strong>enim</strong></span> <span class='ocrx_word' id='word_1_9' title='bbox 1118 375 1467 434; x_wconf 89' lang='lat' dir='ltr'>inductione</span> <span class='ocrx_word' id='word_1_10' title='bbox 1526 386 1903 450; x_wconf 89' lang='lat' dir='ltr'><strong>compertum</strong></span> <span class='ocrx_word' id='word_1_11' title='bbox 1963 375 2256 432; x_wconf 89' lang='lat' dir='ltr'><strong>habemus</strong></span> 
     </span>
     <span class='ocr_line' id='line_1_3' title="bbox 272 463 2256 539; baseline -0.001 -17"><span class='ocrx_word' id='word_1_12' title='bbox 272 473 528 522; x_wconf 85' lang='lat' dir='ltr'><strong>mortem</strong></span> <span class='ocrx_word' id='word_1_13' title='bbox 569 464 846 522; x_wconf 88' lang='lat' dir='ltr'><strong>omnibus</strong></span> <span class='ocrx_word' id='word_1_14' title='bbox 887 464 1220 522; x_wconf 83' lang='lat' dir='ltr'><strong>viventibus</strong></span> <span class='ocrx_word' id='word_1_15' title='bbox 1263 465 1570 539; x_wconf 90' lang='lat' dir='ltr'><strong>corporeis</strong></span> <span class='ocrx_word' id='word_1_16' title='bbox 1613 483 1686 522; x_wconf 92' lang='lat' dir='ltr'><strong>ex</strong></span> <span class='ocrx_word' id='word_1_17' title='bbox 1713 473 1961 522; x_wconf 88' lang='lat' dir='ltr'><strong>naturae</strong></span> <span class='ocrx_word' id='word_1_18' title='bbox 1991 463 2256 522; x_wconf 85' lang='lat' dir='ltr'><strong>instituto</strong></span> 
     </span>
     <span class='ocr_line' id='line_1_4' title="bbox 273 553 2256 629; baseline -0.001 -19"><span class='ocrx_word' id='word_1_19' title='bbox 273 553 567 612; x_wconf 84' lang='lat' dir='ltr'><strong>accidere.</strong></span> <span class='ocrx_word' id='word_1_20' title='bbox 653 553 827 626; x_wconf 84' lang='lat' dir='ltr'><strong>Quae</strong></span> <span class='ocrx_word' id='word_1_21' title='bbox 870 553 1113 629; x_wconf 86' lang='lat' dir='ltr'><strong>quidem</strong></span> <span class='ocrx_word' id='word_1_22' title='bbox 1156 553 1454 612; x_wconf 88' lang='lat' dir='ltr'><strong>moriendi</strong></span> <span class='ocrx_word' id='word_1_23' title='bbox 1498 554 1820 612; x_wconf 79' lang='lat' dir='ltr'><strong>necessitas</strong></span> <span class='ocrx_word' id='word_1_24' title='bbox 1866 553 2013 612; x_wconf 92' lang='lat' dir='ltr'><strong>inde</strong></span> <span class='ocrx_word' id='word_1_25' title='bbox 2057 553 2256 622; x_wconf 90' lang='lat' dir='ltr'><strong>oritur,</strong></span> 
     </span>
     <span class='ocr_line' id='line_1_5' title="bbox 274 641 2256 718; baseline 0 -18"><span class='ocrx_word' id='word_1_26' title='bbox 274 641 439 717; x_wconf 92' lang='lat' dir='ltr'><strong>quod</strong></span> <span class='ocrx_word' id='word_1_27' title='bbox 500 659 716 717; x_wconf 90' lang='lat' dir='ltr'><strong>corpus</strong></span> <span class='ocrx_word' id='word_1_28' title='bbox 775 643 981 700; x_wconf 88' lang='lat' dir='ltr'><strong>vivens</strong></span> <span class='ocrx_word' id='word_1_29' title='bbox 1043 643 1121 700; x_wconf 89' lang='lat' dir='ltr'><strong>ad</strong></span> <span class='ocrx_word' id='word_1_30' title='bbox 1180 642 1517 702; x_wconf 86' lang='lat' dir='ltr'><strong>nutritionis</strong></span> <span class='ocrx_word' id='word_1_31' title='bbox 1577 642 1924 702; x_wconf 84' lang='lat' dir='ltr'><strong>exercitium</strong></span> <span class='ocrx_word' id='word_1_32' title='bbox 1987 642 2256 718; x_wconf 87' lang='lat' dir='ltr'><strong>ineptum</strong></span> 
     </span>
     <span class='ocr_line' id='line_1_6' title="bbox 274 730 2258 808; baseline -0.001 -19"><span class='ocrx_word' id='word_1_33' title='bbox 274 731 557 790; x_wconf 89' lang='lat' dir='ltr'><strong>redditur.</strong></span> <span class='ocrx_word' id='word_1_34' title='bbox 614 730 815 799; x_wconf 84' lang='lat' dir='ltr'><strong>Virtus</strong></span> <span class='ocrx_word' id='word_1_35' title='bbox 846 730 1005 790; x_wconf 87' lang='lat' dir='ltr'><strong>enim</strong></span> <span class='ocrx_word' id='word_1_36' title='bbox 1033 731 1314 790; x_wconf 85' lang='lat' dir='ltr'><strong>nutritiva</strong></span> <span class='ocrx_word' id='word_1_37' title='bbox 1339 732 1568 808; x_wconf 79' lang='lat' dir='ltr'><strong>pendet</strong></span> <span class='ocrx_word' id='word_1_38' title='bbox 1595 752 1630 790; x_wconf 86' lang='lat' dir='ltr'><strong>a</strong></span> <span class='ocrx_word' id='word_1_39' title='bbox 1655 731 1830 790; x_wconf 87' lang='lat' dir='ltr'><strong>certis</strong></span> <span class='ocrx_word' id='word_1_40' title='bbox 1858 731 2258 807; x_wconf 90' lang='lat' dir='ltr'><strong>dispositioni·</strong></span> 
     </span>
     <span class='ocr_line' id='line_1_7' title="bbox 274 815 2256 895; baseline 0.001 -16"><span class='ocrx_word' id='word_1_41' title='bbox 274 820 384 879; x_wconf 90' lang='lat' dir='ltr'><strong>bus</strong></span> <span class='ocrx_word' id='word_1_42' title='bbox 426 820 740 895; x_wconf 78' lang='lat' dir='ltr'><strong>organiciS,</strong></span> <span class='ocrx_word' id='word_1_43' title='bbox 787 838 940 895; x_wconf 90' lang='lat' dir='ltr'><strong>quae</strong></span> <span class='ocrx_word' id='word_1_44' title='bbox 982 821 1077 878; x_wconf 90' lang='lat' dir='ltr'><strong>vel</strong></span> <span class='ocrx_word' id='word_1_45' title='bbox 1120 819 1414 879; x_wconf 87' lang='lat' dir='ltr'><strong>violenter</strong></span> <span class='ocrx_word' id='word_1_46' title='bbox 1457 816 1638 894; x_wconf 91' lang='lat' dir='ltr'><strong>(mors</strong></span> <span class='ocrx_word' id='word_1_47' title='bbox 1670 815 1976 894; x_wconf 90' lang='lat' dir='ltr'><strong>violenta),</strong></span> <span class='ocrx_word' id='word_1_48' title='bbox 2023 822 2124 878; x_wconf 90' lang='lat' dir='ltr'><strong>vel</strong></span> <span class='ocrx_word' id='word_1_49' title='bbox 2161 840 2256 880; x_wconf 89' lang='lat' dir='ltr'><strong>na-</strong></span> 
     </span>
     <span class='ocr_line' id='line_1_8' title="bbox 274 906 2256 985; baseline -0.001 -18"><span class='ocrx_word' id='word_1_50' title='bbox 274 909 552 980; x_wconf 87' lang='lat' dir='ltr'><strong>turaliter,</strong></span> <span class='ocrx_word' id='word_1_51' title='bbox 598 910 633 967; x_wconf 94' lang='lat' dir='ltr'><strong>i.</strong></span> <span class='ocrx_word' id='word_1_52' title='bbox 679 927 730 968; x_wconf 90' lang='lat' dir='ltr'><strong>e.</strong></span> <span class='ocrx_word' id='word_1_53' title='bbox 775 919 1021 985; x_wconf 91' lang='lat' dir='ltr'><strong>propter</strong></span> <span class='ocrx_word' id='word_1_54' title='bbox 1062 909 1256 984; x_wconf 87' lang='lat' dir='ltr'><strong>ipsum</strong></span> <span class='ocrx_word' id='word_1_55' title='bbox 1299 909 1638 968; x_wconf 87' lang='lat' dir='ltr'><strong>nutritionis</strong></span> <span class='ocrx_word' id='word_1_56' title='bbox 1679 909 2032 969; x_wconf 85' lang='lat' dir='ltr'><strong>exercitium</strong></span> <span class='ocrx_word' id='word_1_57' title='bbox 2079 906 2256 985; x_wconf 87' lang='lat' dir='ltr'><strong>(mors</strong></span> 
     </span>
     <span class='ocr_line' id='line_1_9' title="bbox 274 994 1115 1074; baseline 0 -18"><span class='ocrx_word' id='word_1_58' title='bbox 274 994 595 1073; x_wconf 84' lang='lat' dir='ltr'><strong>naturalis),</strong></span> <span class='ocrx_word' id='word_1_59' title='bbox 640 1009 1115 1074; x_wconf 89' lang='lat' dir='ltr'><strong>corrumpuntur.</strong></span> 
     </span>
    </p>
   </div>
   <div class='ocr_carea' id='block_1_3' title="bbox 732 1158 1801 1314">
    <p class='ocr_par' dir='ltr' id='par_1_3' title="bbox 732 1158 1801 1314">
     <span class='ocr_line' id='line_1_10' title="bbox 1046 1158 1483 1207; baseline 0.002 -1"><span class='ocrx_word' id='word_1_60' title='bbox 1046 1158 1382 1207; x_wconf 79' lang='lat' dir='ltr'><strong>ART10ULus</strong></span> <span class='ocrx_word' id='word_1_61' title='bbox 1422 1171 1483 1207; x_wconf 91' lang='lat'><strong>11.</strong></span> 
     </span>
     <span class='ocr_line' id='line_1_11' title="bbox 732 1263 1801 1314; baseline 0.001 -2"><span class='ocrx_word' id='word_1_62' title='bbox 732 1264 829 1312; x_wconf 94' lang='lat' dir='ltr'><strong>DE</strong></span> <span class='ocrx_word' id='word_1_63' title='bbox 868 1263 1470 1313; x_wconf 90' lang='lat' dir='ltr'><strong>IMMORTALITATE</strong></span> <span class='ocrx_word' id='word_1_64' title='bbox 1507 1263 1801 1314; x_wconf 89' lang='lat' dir='ltr'>ANIMAE.</span> 
     </span>
    </p>
   </div>
   <div class='ocr_carea' id='block_1_4' title="bbox 276 1377 2254 1722">
    <p class='ocr_par' dir='ltr' id='par_1_4' title="bbox 276 1377 2254 1722">
     <span class='ocr_line' id='line_1_12' title="bbox 398 1377 2254 1437; baseline -0.001 -1"><span class='ocrx_word' id='word_1_65' title='bbox 398 1379 550 1436; x_wconf 90' lang='lat' dir='ltr'><strong>Cum</strong></span> <span class='ocrx_word' id='word_1_66' title='bbox 590 1388 784 1437; x_wconf 90' lang='lat' dir='ltr'><strong>motus</strong></span> <span class='ocrx_word' id='word_1_67' title='bbox 825 1378 1107 1437; x_wconf 90' lang='lat' dir='ltr'><strong>naturalis</strong></span> <span class='ocrx_word' id='word_1_68' title='bbox 1134 1377 1450 1436; x_wconf 90' lang='lat' dir='ltr'><strong>voluntatis</strong></span> <span class='ocrx_word' id='word_1_69' title='bbox 1479 1388 1717 1436; x_wconf 89' lang='lat' dir='ltr'><strong>nostrae</strong></span> <span class='ocrx_word' id='word_1_70' title='bbox 1747 1378 1946 1436; x_wconf 84' lang='lat' dir='ltr'><strong>inanis</strong></span> <span class='ocrx_word' id='word_1_71' title='bbox 1973 1395 2109 1436; x_wconf 90' lang='lat' dir='ltr'><strong>esse</strong></span> <span class='ocrx_word' id='word_1_72' title='bbox 2135 1396 2254 1435; x_wconf 89' lang='lat' dir='ltr'><strong>non</strong></span> 
     </span>
     <span class='ocr_line' id='line_1_13' title="bbox 276 1462 2252 1543; baseline -0.001 -17"><span class='ocrx_word' id='word_1_73' title='bbox 276 1468 461 1542; x_wconf 90' lang='lat' dir='ltr'><strong>possit</strong></span> <span class='ocrx_word' id='word_1_74' title='bbox 502 1462 580 1543; x_wconf 88' lang='lat' dir='ltr'><strong>(p.</strong></span> <span class='ocrx_word' id='word_1_75' title='bbox 633 1462 764 1543; x_wconf 88' lang='lat'>139)</span> <span class='ocrx_word' id='word_1_76' title='bbox 784 1514 797 1539; x_wconf 90' lang='lat'><em>,</em></span> <span class='ocrx_word' id='word_1_77' title='bbox 860 1485 1057 1542; x_wconf 89' lang='lat' dir='ltr'><strong>neque</strong></span> <span class='ocrx_word' id='word_1_78' title='bbox 1100 1467 1191 1526; x_wconf 87' lang='lat' dir='ltr'><strong>his</strong></span> <span class='ocrx_word' id='word_1_79' title='bbox 1233 1467 1296 1525; x_wconf 91' lang='lat' dir='ltr'><strong>in</strong></span> <span class='ocrx_word' id='word_1_80' title='bbox 1337 1466 1509 1526; x_wconf 88' lang='lat' dir='ltr'><strong>terris</strong></span> <span class='ocrx_word' id='word_1_81' title='bbox 1550 1467 1858 1526; x_wconf 84' lang='lat' dir='ltr'><strong>beatitudo</strong></span> <span class='ocrx_word' id='word_1_82' title='bbox 1902 1477 2114 1525; x_wconf 88' lang='lat' dir='ltr'><strong>nostra</strong></span> <span class='ocrx_word' id='word_1_83' title='bbox 2155 1468 2252 1524; x_wconf 89' lang='lat' dir='ltr'><strong>ob·</strong></span> 
     </span>
     <span class='ocr_line' id='line_1_14' title="bbox 276 1555 2254 1632; baseline -0.001 -18"><span class='ocrx_word' id='word_1_84' title='bbox 276 1557 530 1616; x_wconf 88' lang='lat' dir='ltr'><strong>tineatur</strong></span> <span class='ocrx_word' id='word_1_85' title='bbox 587 1557 856 1632; x_wconf 86' lang='lat' dir='ltr'><strong>perfecta</strong></span> <span class='ocrx_word' id='word_1_86' title='bbox 876 1603 889 1628; x_wconf 92' lang='lat'><em>‚</em></span> <span class='ocrx_word' id='word_1_87' title='bbox 952 1565 1154 1615; x_wconf 89' lang='lat' dir='ltr'><strong>nostra</strong></span> <span class='ocrx_word' id='word_1_88' title='bbox 1217 1555 1466 1615; x_wconf 83' lang='lat' dir='ltr'><strong>felicitas</strong></span> <span class='ocrx_word' id='word_1_89' title='bbox 1525 1557 1589 1613; x_wconf 92' lang='lat' dir='ltr'><strong>in</strong></span> <span class='ocrx_word' id='word_1_90' title='bbox 1649 1557 1841 1614; x_wconf 89' lang='lat' dir='ltr'><strong>futura</strong></span> <span class='ocrx_word' id='word_1_91' title='bbox 1901 1574 2100 1632; x_wconf 91' lang='lat' dir='ltr'><strong>eaque</strong></span> <span class='ocrx_word' id='word_1_92' title='bbox 2161 1557 2254 1613; x_wconf 90' lang='lat' dir='ltr'><strong>im-</strong></span> 
     </span>
     <span class='ocr_line' id='line_1_15' title="bbox 280 1645 1831 1722; baseline -0.001 -18"><span class='ocrx_word' id='word_1_93' title='bbox 280 1645 511 1704; x_wconf 87' lang='lat' dir='ltr'><strong>mortali</strong></span> <span class='ocrx_word' id='word_1_94' title='bbox 553 1646 673 1704; x_wconf 91' lang='lat' dir='ltr'><strong>vita</strong></span> <span class='ocrx_word' id='word_1_95' title='bbox 714 1657 802 1704; x_wconf 92' lang='lat' dir='ltr'><strong>est</strong></span> <span class='ocrx_word' id='word_1_96' title='bbox 844 1646 1264 1722; x_wconf 89' lang='lat' dir='ltr'><strong>exspectanda.</strong></span> <span class='ocrx_word' id='word_1_97' title='bbox 1350 1645 1532 1704; x_wconf 89' lang='lat' dir='ltr'><strong>Unde</strong></span> <span class='ocrx_word' id='word_1_98' title='bbox 1573 1645 1672 1704; x_wconf 91' lang='lat' dir='ltr'><strong>hic</strong></span> <span class='ocrx_word' id='word_1_99' title='bbox 1712 1645 1831 1703; x_wconf 86' lang='lat' dir='ltr'><strong>iam</strong></span> 
     </span>
    </p>
   </div>
   <div class='ocr_carea' id='block_1_5' title="bbox 279 1769 2252 1914">
    <p class='ocr_par' dir='ltr' id='par_1_5' title="bbox 279 1769 2252 1914">
     <span class='ocr_line' id='line_1_16' title="bbox 403 1769 2252 1833; baseline -0.001 -15"><span class='ocrx_word' id='word_1_100' title='bbox 403 1771 697 1833; x_wconf 80' lang='lat' dir='ltr'><strong>Quaeritur</strong></span> <span class='ocrx_word' id='word_1_101' title='bbox 714 1806 727 1828; x_wconf 92' lang='lat'><strong>‚</strong></span> <span class='ocrx_word' id='word_1_102' title='bbox 780 1779 965 1819; x_wconf 85' lang='lat' dir='ltr'><strong>utrum</strong></span> <span class='ocrx_word' id='word_1_103' title='bbox 1016 1771 1205 1819; x_wconf 82' lang='lat' dir='ltr'><strong>anima</strong></span> <span class='ocrx_word' id='word_1_104' title='bbox 1253 1771 1502 1819; x_wconf 79' lang='lat' dir='ltr'><strong>humana</strong></span> <span class='ocrx_word' id='word_1_105' title='bbox 1551 1770 1625 1819; x_wconf 77' lang='lat' dir='ltr'><strong>sit</strong></span> <span class='ocrx_word' id='word_1_106' title='bbox 1659 1785 1853 1819; x_wconf 83' lang='lat' dir='ltr'><strong>revera</strong></span> <span class='ocrx_word' id='word_1_107' title='bbox 1902 1769 2252 1827; x_wconf 81' lang='lat' dir='ltr'><strong>immortalis,</strong></span> 
     </span>
     <span class='ocr_line' id='line_1_17' title="bbox 279 1851 1762 1914; baseline 0.001 -16"><span class='ocrx_word' id='word_1_108' title='bbox 279 1864 354 1898; x_wconf 85' lang='lat' dir='ltr'><strong>an</strong></span> <span class='ocrx_word' id='word_1_109' title='bbox 391 1851 450 1898; x_wconf 86' lang='lat' dir='ltr'><strong>in</strong></span> <span class='ocrx_word' id='word_1_110' title='bbox 487 1859 669 1900; x_wconf 85' lang='lat' dir='ltr'><strong>morte</strong></span> <span class='ocrx_word' id='word_1_111' title='bbox 708 1851 879 1900; x_wconf 77' lang='lat' dir='ltr'><strong>simul</strong></span> <span class='ocrx_word' id='word_1_112' title='bbox 917 1865 1047 1900; x_wconf 87' lang='lat' dir='ltr'><strong>cum</strong></span> <span class='ocrx_word' id='word_1_113' title='bbox 1086 1864 1320 1914; x_wconf 87' lang='lat' dir='ltr'><strong>corpore</strong></span> <span class='ocrx_word' id='word_1_114' title='bbox 1360 1859 1762 1913; x_wconf 83' lang='lat' dir='ltr'><strong>corrumpatur.</strong></span> 
     </span>
    </p>
   </div>
   <div class='ocr_carea' id='block_1_6' title="bbox 279 1960 2256 2125">
    <p class='ocr_par' dir='ltr' id='par_1_6' title="bbox 279 1960 2256 2125">
     <span class='ocr_line' id='line_1_18' title="bbox 402 1960 2256 2037; baseline 0.001 -20"><span class='ocrx_word' id='word_1_115' title='bbox 402 1969 603 2018; x_wconf 81' lang='lat' dir='ltr'><strong>Dubia.</strong></span> <span class='ocrx_word' id='word_1_116' title='bbox 688 1960 938 2019; x_wconf 89' lang='lat' dir='ltr'><strong>Videtur</strong></span> <span class='ocrx_word' id='word_1_117' title='bbox 993 1960 1194 2019; x_wconf 89' lang='lat' dir='ltr'><strong>anima</strong></span> <span class='ocrx_word' id='word_1_118' title='bbox 1250 1961 1309 2018; x_wconf 92' lang='lat' dir='ltr'><strong>in</strong></span> <span class='ocrx_word' id='word_1_119' title='bbox 1353 1971 1544 2020; x_wconf 89' lang='lat' dir='ltr'><strong>morte</strong></span> <span class='ocrx_word' id='word_1_120' title='bbox 1599 1961 1772 2019; x_wconf 91' lang='lat' dir='ltr'><strong>simul</strong></span> <span class='ocrx_word' id='word_1_121' title='bbox 1822 1981 1961 2019; x_wconf 91' lang='lat' dir='ltr'><strong>cum</strong></span> <span class='ocrx_word' id='word_1_122' title='bbox 2006 1980 2256 2037; x_wconf 89' lang='lat' dir='ltr'><strong>corpore</strong></span> 
     </span>
     <span class='ocr_line' id='line_1_19' title="bbox 279 2049 839 2125; baseline 0.004 -20"><span class='ocrx_word' id='word_1_123' title='bbox 279 2049 600 2125; x_wconf 89' lang='lat' dir='ltr'><strong>corrumpi.</strong></span> <span class='ocrx_word' id='word_1_124' title='bbox 652 2050 839 2107; x_wconf 89' lang='lat' dir='ltr'><strong>Nam:</strong></span> 
     </span>
    </p>
   </div>
   <div class='ocr_carea' id='block_1_7' title="bbox 281 2156 2263 3477">
    <p class='ocr_par' dir='ltr' id='par_1_7' title="bbox 282 2156 2258 2499">
     <span class='ocr_line' id='line_1_20' title="bbox 410 2156 2258 2232; baseline -0.001 -19"><span class='ocrx_word' id='word_1_125' title='bbox 410 2176 457 2214; x_wconf 88' lang='lat'><strong>1.</strong></span> <span class='ocrx_word' id='word_1_126' title='bbox 518 2156 700 2229; x_wconf 87' lang='lat' dir='ltr'><strong>Quod</strong></span> <span class='ocrx_word' id='word_1_127' title='bbox 754 2157 936 2214; x_wconf 89' lang='lat' dir='ltr'><strong>habet</strong></span> <span class='ocrx_word' id='word_1_128' title='bbox 986 2156 1217 2213; x_wconf 90' lang='lat' dir='ltr'><strong>initium</strong></span> <span class='ocrx_word' id='word_1_129' title='bbox 1276 2175 1411 2213; x_wconf 89' lang='lat' dir='ltr'><strong>cum</strong></span> <span class='ocrx_word' id='word_1_130' title='bbox 1466 2174 1751 2232; x_wconf 88' lang='lat' dir='ltr'><strong>corpore,</strong></span> <span class='ocrx_word' id='word_1_131' title='bbox 1810 2175 1947 2215; x_wconf 89' lang='lat' dir='ltr'><strong>cum</strong></span> <span class='ocrx_word' id='word_1_132' title='bbox 2007 2173 2258 2232; x_wconf 90' lang='lat' dir='ltr'><strong>corpore</strong></span> 
     </span>
     <span class='ocr_line' id='line_1_21' title="bbox 282 2245 2257 2321; baseline -0.002 -17"><span class='ocrx_word' id='word_1_133' title='bbox 282 2246 460 2304; x_wconf 85' lang='lat' dir='ltr'><strong>etiam</strong></span> <span class='ocrx_word' id='word_1_134' title='bbox 502 2246 699 2321; x_wconf 91' lang='lat' dir='ltr'><strong>perire</strong></span> <span class='ocrx_word' id='word_1_135' title='bbox 743 2246 939 2304; x_wconf 89' lang='lat' dir='ltr'><strong>debet.</strong></span> <span class='ocrx_word' id='word_1_136' title='bbox 1006 2245 1124 2303; x_wconf 89' lang='lat' dir='ltr'><strong>Sed</strong></span> <span class='ocrx_word' id='word_1_137' title='bbox 1158 2245 1357 2303; x_wconf 88' lang='lat' dir='ltr'><strong>anima</strong></span> <span class='ocrx_word' id='word_1_138' title='bbox 1398 2245 1658 2304; x_wconf 84' lang='lat' dir='ltr'><strong>humana</strong></span> <span class='ocrx_word' id='word_1_139' title='bbox 1700 2245 1910 2320; x_wconf 90' lang='lat' dir='ltr'><strong>incipit</strong></span> <span class='ocrx_word' id='word_1_140' title='bbox 1952 2263 2087 2304; x_wconf 91' lang='lat' dir='ltr'><strong>esse</strong></span> <span class='ocrx_word' id='word_1_141' title='bbox 2131 2264 2257 2303; x_wconf 90' lang='lat' dir='ltr'><strong>cum</strong></span> 
     </span>
     <span class='ocr_line' id='line_1_22' title="bbox 284 2323 2258 2411; baseline 0 -20"><span class='ocrx_word' id='word_1_142' title='bbox 284 2323 557 2409; x_wconf 84' lang='lat' dir='ltr'><strong>corpore.</strong></span> <span class='ocrx_word' id='word_1_143' title='bbox 612 2335 774 2409; x_wconf 87' lang='lat' dir='ltr'><strong>Ergo</strong></span> <span class='ocrx_word' id='word_1_144' title='bbox 803 2335 983 2393; x_wconf 90' lang='lat' dir='ltr'><strong>etiam</strong></span> <span class='ocrx_word' id='word_1_145' title='bbox 1003 2353 1138 2393; x_wconf 91' lang='lat' dir='ltr'><strong>cum</strong></span> <span class='ocrx_word' id='word_1_146' title='bbox 1168 2352 1424 2410; x_wconf 91' lang='lat' dir='ltr'><strong>corpore</strong></span> <span class='ocrx_word' id='word_1_147' title='bbox 1452 2335 1648 2411; x_wconf 90' lang='lat' dir='ltr'><strong>perire</strong></span> <span class='ocrx_word' id='word_1_148' title='bbox 1679 2335 1875 2404; x_wconf 91' lang='lat' dir='ltr'><strong>debet,</strong></span> <span class='ocrx_word' id='word_1_149' title='bbox 1907 2346 1969 2393; x_wconf 90' lang='lat' dir='ltr'><strong>et</strong></span> <span class='ocrx_word' id='word_1_150' title='bbox 1998 2334 2086 2393; x_wconf 88' lang='lat' dir='ltr'><strong>sic</strong></span> <span class='ocrx_word' id='word_1_151' title='bbox 2117 2352 2258 2393; x_wconf 87' lang='lat' dir='ltr'><strong>unus</strong></span> 
     </span>
     <span class='ocr_line' id='line_1_23' title="bbox 289 2423 1640 2499; baseline 0.001 -18"><span class='ocrx_word' id='word_1_152' title='bbox 289 2423 399 2481; x_wconf 87' lang='lat' dir='ltr'><strong>erit</strong></span> <span class='ocrx_word' id='word_1_153' title='bbox 440 2423 709 2481; x_wconf 89' lang='lat' dir='ltr'><strong>interitus</strong></span> <span class='ocrx_word' id='word_1_154' title='bbox 750 2424 1048 2498; x_wconf 89' lang='lat' dir='ltr'><strong>pecudum</strong></span> <span class='ocrx_word' id='word_1_155' title='bbox 1092 2434 1272 2499; x_wconf 83' lang='lat' dir='ltr'><strong>atque</strong></span> <span class='ocrx_word' id='word_1_156' title='bbox 1314 2423 1640 2482; x_wconf 89' lang='lat' dir='ltr'><strong>hominum.</strong></span> 
     </span>
    </p>

    <p class='ocr_par' dir='ltr' id='par_1_8' title="bbox 281 2508 2263 2944">
     <span class='ocr_line' id='line_1_24' title="bbox 406 2508 2256 2589; baseline 0 -20"><span class='ocrx_word' id='word_1_157' title='bbox 406 2533 455 2571; x_wconf 90' lang='lat'><strong>2.</strong></span> <span class='ocrx_word' id='word_1_158' title='bbox 513 2512 735 2570; x_wconf 90' lang='lat' dir='ltr'><strong>Anima</strong></span> <span class='ocrx_word' id='word_1_159' title='bbox 788 2514 1078 2584; x_wconf 88' lang='lat' dir='ltr'><strong>humana,</strong></span> <span class='ocrx_word' id='word_1_160' title='bbox 1137 2524 1201 2570; x_wconf 89' lang='lat' dir='ltr'><strong>ut</strong></span> <span class='ocrx_word' id='word_1_161' title='bbox 1256 2532 1434 2587; x_wconf 86' lang='lat' dir='ltr'><strong>supra</strong></span> <span class='ocrx_word' id='word_1_162' title='bbox 1490 2512 1742 2571; x_wconf 87' lang='lat' dir='ltr'><strong>diximus</strong></span> <span class='ocrx_word' id='word_1_163' title='bbox 1790 2508 1870 2588; x_wconf 90' lang='lat' dir='ltr'><strong>(p.</strong></span> <span class='ocrx_word' id='word_1_164' title='bbox 1923 2533 2038 2586; x_wconf 87' lang='lat'><strong>1²4</strong></span> <span class='ocrx_word' id='word_1_165' title='bbox 2082 2508 2256 2589; x_wconf 87' lang='lat' dir='ltr'><strong>sqq.),</strong></span> 
     </span>
     <span class='ocr_line' id='line_1_25' title="bbox 282 2601 2260 2677; baseline -0.001 -18"><span class='ocrx_word' id='word_1_166' title='bbox 282 2613 481 2660; x_wconf 89' lang='lat' dir='ltr'><strong>creata</strong></span> <span class='ocrx_word' id='word_1_167' title='bbox 524 2612 628 2673; x_wconf 87' lang='lat' dir='ltr'><strong>est,</strong></span> <span class='ocrx_word' id='word_1_168' title='bbox 686 2612 749 2659; x_wconf 90' lang='lat' dir='ltr'><strong>ut</strong></span> <span class='ocrx_word' id='word_1_169' title='bbox 790 2601 1179 2660; x_wconf 88' lang='lat' dir='ltr'><strong>essentialiter</strong></span> <span class='ocrx_word' id='word_1_170' title='bbox 1222 2603 1294 2659; x_wconf 91' lang='lat' dir='ltr'><strong>sit</strong></span> <span class='ocrx_word' id='word_1_171' title='bbox 1335 2602 1606 2677; x_wconf 89' lang='lat' dir='ltr'><strong>corporis</strong></span> <span class='ocrx_word' id='word_1_172' title='bbox 1649 2604 1857 2674; x_wconf 87' lang='lat' dir='ltr'><strong>forma,</strong></span> <span class='ocrx_word' id='word_1_173' title='bbox 1906 2602 1942 2661; x_wconf 88' lang='lat' dir='ltr'><strong>i.</strong></span> <span class='ocrx_word' id='word_1_174' title='bbox 1988 2620 2042 2661; x_wconf 90' lang='lat' dir='ltr'><strong>e.</strong></span> <span class='ocrx_word' id='word_1_175' title='bbox 2088 2614 2152 2661; x_wconf 90' lang='lat' dir='ltr'><strong>ut</strong></span> <span class='ocrx_word' id='word_1_176' title='bbox 2194 2620 2260 2660; x_wconf 86' lang='lat' dir='ltr'><strong>ex</strong></span> 
     </span>
     <span class='ocr_line' id='line_1_26' title="bbox 281 2690 2263 2767; baseline 0 -19"><span class='ocrx_word' id='word_1_177' title='bbox 281 2691 405 2748; x_wconf 87' lang='lat' dir='ltr'><strong>eius</strong></span> <span class='ocrx_word' id='word_1_178' title='bbox 447 2710 583 2749; x_wconf 90' lang='lat' dir='ltr'><strong>cum</strong></span> <span class='ocrx_word' id='word_1_179' title='bbox 626 2708 880 2766; x_wconf 93' lang='lat' dir='ltr'><strong>corpore</strong></span> <span class='ocrx_word' id='word_1_180' title='bbox 922 2690 1144 2749; x_wconf 89' lang='lat' dir='ltr'><strong>unione</strong></span> <span class='ocrx_word' id='word_1_181' title='bbox 1190 2691 1517 2750; x_wconf 87' lang='lat' dir='ltr'><strong>formaliter</strong></span> <span class='ocrx_word' id='word_1_182' title='bbox 1557 2693 1798 2750; x_wconf 90' lang='lat' dir='ltr'><strong>resultet</strong></span> <span class='ocrx_word' id='word_1_183' title='bbox 1835 2690 1917 2763; x_wconf 90' lang='lat' dir='ltr'><strong>id,</strong></span> <span class='ocrx_word' id='word_1_184' title='bbox 1967 2692 2136 2767; x_wconf 90' lang='lat' dir='ltr'><strong>quod</strong></span> <span class='ocrx_word' id='word_1_185' title='bbox 2179 2702 2263 2749; x_wconf 90' lang='lat' dir='ltr'><strong>est</strong></span> 
     </span>
     <span class='ocr_line' id='line_1_27' title="bbox 288 2780 2259 2857; baseline 0.001 -20"><span class='ocrx_word' id='word_1_186' title='bbox 288 2780 563 2839; x_wconf 86' lang='lat' dir='ltr'><strong>«homo».</strong></span> <span class='ocrx_word' id='word_1_187' title='bbox 621 2781 787 2855; x_wconf 87' lang='lat' dir='ltr'><strong>Ergo</strong></span> <span class='ocrx_word' id='word_1_188' title='bbox 828 2780 1021 2839; x_wconf 88' lang='lat' dir='ltr'><strong>soluto</strong></span> <span class='ocrx_word' id='word_1_189' title='bbox 1064 2798 1322 2857; x_wconf 90' lang='lat' dir='ltr'><strong>corpore</strong></span> <span class='ocrx_word' id='word_1_190' title='bbox 1366 2790 1426 2839; x_wconf 89' lang='lat' dir='ltr'><strong>et</strong></span> <span class='ocrx_word' id='word_1_191' title='bbox 1458 2791 1746 2855; x_wconf 88' lang='lat' dir='ltr'><strong>pereunte</strong></span> <span class='ocrx_word' id='word_1_192' title='bbox 1773 2781 2038 2853; x_wconf 89' lang='lat' dir='ltr'><strong>homine,</strong></span> <span class='ocrx_word' id='word_1_193' title='bbox 2083 2781 2259 2840; x_wconf 87' lang='lat' dir='ltr'><strong>etiam</strong></span> 
     </span>
     <span class='ocr_line' id='line_1_28' title="bbox 284 2869 960 2944; baseline 0.001 -17"><span class='ocrx_word' id='word_1_194' title='bbox 284 2869 482 2927; x_wconf 84' lang='lat' dir='ltr'><strong>anima</strong></span> <span class='ocrx_word' id='word_1_195' title='bbox 524 2869 719 2944; x_wconf 88' lang='lat' dir='ltr'><strong>perire</strong></span> <span class='ocrx_word' id='word_1_196' title='bbox 764 2870 960 2928; x_wconf 88' lang='lat' dir='ltr'><strong>debet.</strong></span> 
     </span>
    </p>

    <p class='ocr_par' dir='ltr' id='par_1_9' title="bbox 283 2958 2258 3123">
     <span class='ocr_line' id='line_1_29' title="bbox 405 2958 2258 3034; baseline -0.001 -18"><span class='ocrx_word' id='word_1_197' title='bbox 405 2977 457 3031; x_wconf 85' lang='lat'><strong>3.</strong></span> <span class='ocrx_word' id='word_1_198' title='bbox 504 2958 565 3016; x_wconf 89' lang='lat' dir='ltr'><strong>Si</strong></span> <span class='ocrx_word' id='word_1_199' title='bbox 607 2958 805 3016; x_wconf 88' lang='lat' dir='ltr'><strong>anima</strong></span> <span class='ocrx_word' id='word_1_200' title='bbox 846 2976 972 3016; x_wconf 93' lang='lat' dir='ltr'><strong>non</strong></span> <span class='ocrx_word' id='word_1_201' title='bbox 1014 2958 1237 3034; x_wconf 92' lang='lat' dir='ltr'><strong>periret</strong></span> <span class='ocrx_word' id='word_1_202' title='bbox 1273 2958 1333 3016; x_wconf 92' lang='lat' dir='ltr'><strong>in</strong></span> <span class='ocrx_word' id='word_1_203' title='bbox 1364 2970 1555 3018; x_wconf 89' lang='lat' dir='ltr'><strong>morte</strong></span> <span class='ocrx_word' id='word_1_204' title='bbox 1584 2958 1858 3029; x_wconf 89' lang='lat' dir='ltr'><strong>hominis,</strong></span> <span class='ocrx_word' id='word_1_205' title='bbox 1901 2959 2068 3018; x_wconf 87' lang='lat' dir='ltr'><strong>nulla</strong></span> <span class='ocrx_word' id='word_1_206' title='bbox 2109 2969 2258 3018; x_wconf 88' lang='lat' dir='ltr'><strong>esset</strong></span> 
     </span>
     <span class='ocr_line' id='line_1_30' title="bbox 283 3047 2044 3123; baseline 0.001 -19"><span class='ocrx_word' id='word_1_207' title='bbox 283 3048 451 3118; x_wconf 85' lang='lat' dir='ltr'><strong>ratio,</strong></span> <span class='ocrx_word' id='word_1_208' title='bbox 501 3066 606 3106; x_wconf 90' lang='lat' dir='ltr'><strong>cur</strong></span> <span class='ocrx_word' id='word_1_209' title='bbox 647 3048 829 3105; x_wconf 90' lang='lat' dir='ltr'><strong>homo</strong></span> <span class='ocrx_word' id='word_1_210' title='bbox 872 3047 1184 3123; x_wconf 86' lang='lat' dir='ltr'><strong>tantopere</strong></span> <span class='ocrx_word' id='word_1_211' title='bbox 1227 3048 1501 3107; x_wconf 89' lang='lat' dir='ltr'><strong>horreret</strong></span> <span class='ocrx_word' id='word_1_212' title='bbox 1539 3048 1730 3123; x_wconf 89' lang='lat' dir='ltr'><strong>ipsam</strong></span> <span class='ocrx_word' id='word_1_213' title='bbox 1773 3057 2044 3107; x_wconf 89' lang='lat' dir='ltr'><strong>mortem.</strong></span> 
     </span>
    </p>

    <p class='ocr_par' dir='ltr' id='par_1_10' title="bbox 284 3136 2255 3477">
     <span class='ocr_line' id='line_1_31' title="bbox 403 3136 2252 3213; baseline 0.001 -19"><span class='ocrx_word' id='word_1_214' title='bbox 403 3156 457 3208; x_wconf 91' lang='lat'><strong>4.</strong></span> <span class='ocrx_word' id='word_1_215' title='bbox 506 3136 778 3209; x_wconf 87' lang='lat' dir='ltr'><strong>Quorum</strong></span> <span class='ocrx_word' id='word_1_216' title='bbox 821 3145 909 3195; x_wconf 89' lang='lat' dir='ltr'><strong>est</strong></span> <span class='ocrx_word' id='word_1_217' title='bbox 951 3136 1140 3195; x_wconf 88' lang='lat' dir='ltr'><strong>simile</strong></span> <span class='ocrx_word' id='word_1_218' title='bbox 1183 3136 1543 3213; x_wconf 91' lang='lat' dir='ltr'><strong>principium</strong></span> <span class='ocrx_word' id='word_1_219' title='bbox 1587 3147 1646 3196; x_wconf 90' lang='lat' dir='ltr'><strong>et</strong></span> <span class='ocrx_word' id='word_1_220' title='bbox 1686 3136 1888 3195; x_wconf 88' lang='lat' dir='ltr'><strong>similis</strong></span> <span class='ocrx_word' id='word_1_221' title='bbox 1925 3156 2252 3213; x_wconf 77' lang='lat' dir='ltr'><strong>processuS,</strong></span> 
     </span>
     <span class='ocr_line' id='line_1_32' title="bbox 285 3225 2255 3286; baseline 0 -3"><span class='ocrx_word' id='word_1_222' title='bbox 285 3242 490 3283; x_wconf 87' lang='lat' dir='ltr'><strong>eorum</strong></span> <span class='ocrx_word' id='word_1_223' title='bbox 545 3226 725 3283; x_wconf 90' lang='lat' dir='ltr'><strong>etiam</strong></span> <span class='ocrx_word' id='word_1_224' title='bbox 782 3225 986 3283; x_wconf 86' lang='lat' dir='ltr'><strong>similis</strong></span> <span class='ocrx_word' id='word_1_225' title='bbox 1041 3226 1171 3284; x_wconf 87' lang='lat' dir='ltr'><strong>finis</strong></span> <span class='ocrx_word' id='word_1_226' title='bbox 1233 3244 1362 3285; x_wconf 89' lang='lat' dir='ltr'><strong>esse</strong></span> <span class='ocrx_word' id='word_1_227' title='bbox 1417 3226 1666 3286; x_wconf 88' lang='lat' dir='ltr'><strong>videtur.</strong></span> <span class='ocrx_word' id='word_1_228' title='bbox 1753 3226 1873 3285; x_wconf 89' lang='lat' dir='ltr'><strong>Sed</strong></span> <span class='ocrx_word' id='word_1_229' title='bbox 1927 3226 2117 3286; x_wconf 89' lang='lat' dir='ltr'><strong>simile</strong></span> <span class='ocrx_word' id='word_1_230' title='bbox 2172 3237 2255 3285; x_wconf 89' lang='lat' dir='ltr'><strong>est</strong></span> 
     </span>
     <span class='ocr_line' id='line_1_33' title="bbox 284 3313 2250 3391; baseline 0.003 -23"><span class='ocrx_word' id='word_1_231' title='bbox 284 3313 642 3387; x_wconf 91' lang='lat' dir='ltr'><strong>principium</strong></span> <span class='ocrx_word' id='word_1_232' title='bbox 684 3314 991 3371; x_wconf 90' lang='lat' dir='ltr'><strong>hominum</strong></span> <span class='ocrx_word' id='word_1_233' title='bbox 1036 3324 1094 3371; x_wconf 91' lang='lat' dir='ltr'><strong>et</strong></span> <span class='ocrx_word' id='word_1_234' title='bbox 1122 3314 1461 3386; x_wconf 87' lang='lat' dir='ltr'><strong>bestiarum,</strong></span> <span class='ocrx_word' id='word_1_235' title='bbox 1507 3315 1709 3372; x_wconf 88' lang='lat' dir='ltr'><strong>similis</strong></span> <span class='ocrx_word' id='word_1_236' title='bbox 1737 3314 1916 3373; x_wconf 87' lang='lat' dir='ltr'><strong>etiam</strong></span> <span class='ocrx_word' id='word_1_237' title='bbox 1946 3334 2250 3391; x_wconf 91' lang='lat' dir='ltr'><strong>processus</strong></span> 
     </span>
     <span class='ocr_line' id='line_1_34' title="bbox 286 3398 2250 3477; baseline 0.004 -24"><span class='ocrx_word' id='word_1_238' title='bbox 286 3398 347 3454; x_wconf 84' lang='lat' dir='ltr'><strong>in</strong></span> <span class='ocrx_word' id='word_1_239' title='bbox 377 3398 655 3471; x_wconf 87' lang='lat' dir='ltr'><strong>utrisque.</strong></span> <span class='ocrx_word' id='word_1_240' title='bbox 706 3402 866 3473; x_wconf 88' lang='lat' dir='ltr'><strong>Ergo</strong></span> <span class='ocrx_word' id='word_1_241' title='bbox 896 3419 1044 3458; x_wconf 91' lang='lat' dir='ltr'><strong>unus</strong></span> <span class='ocrx_word' id='word_1_242' title='bbox 1075 3402 1183 3459; x_wconf 91' lang='lat' dir='ltr'><strong>erit</strong></span> <span class='ocrx_word' id='word_1_243' title='bbox 1213 3402 1345 3459; x_wconf 90' lang='lat' dir='ltr'><strong>finis</strong></span> <span class='ocrx_word' id='word_1_244' title='bbox 1374 3404 1693 3460; x_wconf 87' lang='lat' dir='ltr'><strong>bestiarum</strong></span> <span class='ocrx_word' id='word_1_245' title='bbox 1722 3412 1902 3477; x_wconf 88' lang='lat' dir='ltr'><strong>atque</strong></span> <span class='ocrx_word' id='word_1_246' title='bbox 1931 3404 2250 3463; x_wconf 87' lang='lat' dir='ltr'><strong>hominum.</strong></span> 
     </span>
    </p>
   </div>
   <div class='ocr_carea' id='block_1_8' title="bbox 2343 0 2354 445">
    <p class='ocr_par' dir='ltr' id='par_1_11' title="bbox 2343 0 2354 445">
     <span class='ocr_line' id='line_1_35' title="bbox 2343 0 2354 445; baseline 0 3405"><span class='ocrx_word' id='word_1_247' title='bbox 2343 0 2354 445; x_wconf 95' lang='lat' dir='ltr'><strong> </strong></span> 
     </span>
    </p>
   </div>
   <div class='ocr_carea' id='block_1_9' title="bbox 2343 441 2354 3635">
    <p class='ocr_par' dir='ltr' id='par_1_12' title="bbox 2343 441 2354 3635">
     <span class='ocr_line' id='line_1_36' title="bbox 2343 441 2354 3635; baseline 0 0"><span class='ocrx_word' id='word_1_248' title='bbox 2343 441 2354 3635; x_wconf 95' lang='lat' dir='ltr'><strong> </strong></span> 
     </span>
    </p>
   </div>
  </div>
 </body>
</html>
