2367 3850
476 219 767 256 DIVERSAE
807 221 1197 258 MORALITATIS
1239 221 1464 258 SPECIES
1503 221 1925 258 EXPLICANTUR.
2093 222 2194 273 293

330 365 451 423 Alii
494 385 673 438 vero,
731 368 887 426 inter
930 385 1082 442 quos
1123 368 1183 426 S.
1230 369 1649 427 Bonaventura
1677 371 1726 440 ¹,
1785 369 2012 440 ScotuS,
2055 371 2197 427 Vas-

204 473 389 530 quez,
450 456 815 514 contrariam
858 456 1218 516 sententiam
1271 467 1495 518 tenent.
1587 457 1844 516 «Dicunt
1887 458 2078 529 enim,
2137 469 2199 516 ut

208 546 488 619 Vasquez
529 545 592 603 in
620 548 668 616 Ι,
711 547 788 617 11,
834 545 987 621 disp.
1036 563 1130 623 52,
1175 566 1228 604 c.
1273 562 1342 620 4:
1392 549 1538 607 Esse
1581 559 1748 606 actus
1790 547 2200 606 indifferentes

206 634 268 691 in
308 635 536 708 specie,
582 633 644 692 in
688 635 969 694 confesso
1011 646 1102 695 est
1144 636 1305 712 apud
1344 654 1588 710 omnes3
1631 637 1794 711 atqui
1836 637 2030 694 omnis
2071 655 2198 712 spe-

210 723 327 781 cies
385 723 577 782 debet
632 725 745 783 sub
798 743 865 784 se
921 725 1237 784 continere
1288 724 1534 800 aliquod
1589 724 1993 799 individuum3
2053 743 2198 800 ergo

208 811 384 870 etiam
429 811 635 887 aliqua
676 811 835 872 actio
877 813 1189 873 individua
1229 832 1335 873 seu
1390 825 1676 874 concreta
1716 813 1898 873 debet
1944 832 2074 872 esse
2116 815 2197 871 in-

204 901 551 960 differens.»
639 902 741 961 Ad
804 903 970 977 quod
1028 903 1402 979 respondent
1463 903 1818 963 adversarii:
1887 903 2196 961 «Transm.

200 991 332 1048 mai.
378 991 544 1049 Dist.
603 992 739 1050 min.
759 1013 779 1050 .·
838 992 1053 1051 Omnis
1098 990 1334 1068 species
1389 993 1573 1051 debet
1613 993 1722 1051 sub
1778 1010 1840 1051 se
1890 991 2196 1050 continere

200 1079 455 1154 aliquod
496 1079 891 1152 individuum,
935 1080 1018 1139 ita
1060 1091 1123 1139 ut
1162 1082 1328 1139 nulla
1353 1091 1498 1139 nota
1525 1080 1902 1140 individualis
1930 1079 2197 1151 accedat,

197 1188 341 1243 nego
354 1191 375 1240 ;
416 1169 501 1227 ita
528 1180 591 1227 ut
621 1169 1067 1228 circumstantia
1094 1169 1476 1228 individuans
1503 1169 1770 1240 accedat,
1800 1169 2027 1228 subdzkt.
2049 1190 2067 1225 .·
2108 1185 2201 1225 ea-

197 1277 321 1333 que
364 1257 517 1330 talis‚
566 1277 725 1334 quae
752 1258 1053 1334 relinquat
1081 1257 1551 1318 indifferentiam
1579 1260 1867 1317 moralem
1895 1257 2198 1328 intactam,

196 1365 341 1421 nego
386 1343 474 1422 (id
518 1348 681 1405 enim
726 1359 831 1420 est,
878 1348 1042 1422 quod
1072 1342 1434 1423 quaeritur);
1479 1365 1633 1422 quae
1677 1366 1750 1405 ex
1791 1356 1942 1406 statu
1971 1345 2200 1403 indiffe-

194 1436 433 1496 rentiae
478 1437 786 1496 obiectum
830 1437 1148 1496 voluntatis
1192 1447 1541 1495 concretum
1597 1436 1928 1507 transferat,
1972 1453 2110 1493 conc.
2123 1453 2148 1486 »
2179 1435 2200 1467 ²

322 1535 401 1592 Π.
448 1533 753 1593 Dividitur
781 1535 961 1593 etiam
1004 1533 1309 1593 moralitas
1349 1533 1412 1590 in
1455 1534 1850 1592 moralitatem
1893 1550 2068 1592 sensu
2096 1529 2198 1588 im-

192 1623 453 1700 proprio
496 1632 815 1699 acceptam
858 1633 920 1682 et
961 1622 1358 1682 moralitatem
1399 1639 1576 1681 sensu
1618 1623 1884 1698 proprie.

330 1743 381 1780 1.
453 1721 769 1780 Moralitas
836 1739 1003 1778 sensu
1068 1721 1382 1797 improprio
1450 1725 1702 1795 accepta,
1772 1735 1928 1793 quae
1983 1715 2197 1775 dicitur

193 1807 385 1868 etiam
428 1812 717 1880 obiectiva,
764 1821 855 1870 est
896 1810 1203 1868 moralitas
1243 1827 1390 1884 quae
1429 1815 1514 1866 est
1550 1810 1613 1866 in
1654 1809 1852 1865 obiecto
1893 1816 2056 1864 actus
2098 1806 2198 1863 hu-

192 1900 384 1973 mani,
432 1899 615 1976 eique
657 1899 880 1972 tribuit,
923 1908 987 1958 ut
1029 1898 1194 1957 circa
1233 1898 1427 1975 ipsum
1484 1897 1610 1957 fieri
1665 1895 1851 1972 possit
1890 1904 2056 1954 actus
2097 1893 2197 1952 hu-

192 2008 417 2048 manus
459 1990 770 2047 moraliter
812 1990 1008 2048 bonus
1048 1990 1144 2047 vel
1188 1990 1396 2046 malus,

326 2081 679 2153 Antequam
742 2077 903 2137 enim
962 2077 1149 2135 homo
1209 2086 1407 2133 actum
1469 2073 1772 2132 moraliter
1826 2072 2051 2130 bonum
2107 2070 2202 2127 vel

192 2169 428 2225 malum
471 2168 694 2226 elicere
739 2166 945 2243 possit,
990 2164 1328 2241 requiritur,
1389 2182 1463 2222 ex
1504 2161 1709 2232 dictis,
1765 2170 1829 2218 ut
1870 2161 2198 2218 intellectus

192 2257 317 2333 ipsi
376 2256 688 2315 obiectum
746 2254 995 2329 aliquod
1054 2264 1120 2311 ut
1178 2251 1549 2312 conveniens
1603 2249 1700 2308 vel
1739 2248 2200 2307 disconveniens

188 2356 527 2422 proponat.
615 2347 793 2403 Haec
850 2341 1276 2402 convenientia
1316 2359 1462 2399 vero
1522 2340 1613 2397 vel
1668 2334 2195 2403 disconvenientia,

192 2452 359 2511 quae
400 2436 467 2492 in
511 2434 759 2493 obiecto
802 2432 889 2491 sic
932 2432 1317 2491 considerato
1359 2428 1686 2496 invenitur,
1745 2436 1804 2484 et
1846 2444 1999 2501 quae
2047 2421 2197 2481 ratio

192 2535 321 2596 est,
382 2535 450 2582 ut
506 2524 787 2582 voluntas
842 2522 989 2580 illud
1046 2518 1473 2596 amplectendo
1528 2517 1692 2575 bona
1733 2514 1827 2572 vel
1881 2514 2039 2571 mala
2079 2512 2195 2582 fiat,

192 2623 451 2673 vocatur
496 2612 808 2672 moralitas
851 2610 1167 2670 obiectiva.

320 2702 565 2761 Dicitur
608 2699 791 2760 etiarn
835 2699 1141 2758 moralitas
1170 2694 1656 2772 fundamentalis,
1715 2691 1854 2765 quia
1895 2700 1984 2749 est
2024 2687 2192 2759 ratic,

192 2803 454 2869 propter
498 2808 685 2865 quam
726 2790 1003 2849 voluntas
1045 2806 1179 2847 eam
1222 2782 1646 2860 amplectendo
1701 2780 1864 2838 bona
1903 2779 1998 2838 vel
2039 2778 2198 2835 mala

323 3002 342 3035 ¹
379 3006 444 3053 In
482 3004 553 3065 11,
592 3003 707 3052 dist.
748 3014 834 3063 41,
873 3016 919 3049 a.
965 3012 1008 3059 1,
1048 3016 1097 3065 q.
1138 3010 1188 3060 3.

320 3081 344 3116 ⁸
384 3085 466 3133 Ita
516 3084 659 3148 apud
704 3080 1017 3138 Lehmkulzl,
1068 3077 1252 3126 Theol.
1308 3072 1512 3123 moralis
1548 3071 1573 3118 I
1614 3067 1720 3134 (ed.
1761 3066 1850 3133 9),
1907 3087 1958 3132 p.
1999 3076 2082 3131 37.
2124 3093 2190 3100 -

192 3162 505 3215 Notandum
543 3178 640 3211 nos
678 3162 763 3211 hic
800 3160 865 3209 de
904 3157 1242 3207 indifferentia
1277 3151 1452 3202 morali
1489 3149 1742 3200 actionum
1778 3148 1827 3196 in
1859 3149 2028 3197 ordine
2051 3152 2192 3195 natu-

194 3246 303 3295 rali
336 3242 502 3309 loqui.
556 3240 700 3305 Quid
736 3256 859 3290 vero
898 3240 963 3288 de
999 3238 1096 3287 hac
1124 3253 1179 3285 re
1205 3236 1257 3283 in
1281 3232 1463 3282 ordine
1487 3228 1850 3293 supernaturali
1877 3226 2194 3277 sentiendum

194 3326 279 3386 sit,
320 3325 480 3374 docet
516 3320 783 3386 theologia
819 3334 977 3369 sacra.
1019 3345 1085 3353 —
1125 3317 1206 3366 Cf.
1247 3312 1398 3362 etiam
1441 3310 1712 3369 Gutberlet,
1759 3306 1915 3357 Ethik
1952 3306 2058 3356 und
2095 3307 2194 3355 Na·

194 3404 429 3456 turrecht
471 3401 582 3469 (ed.
625 3398 685 3466 3)
726 3417 775 3465 p.
820 3398 903 3463 58.

1893 3706 1916 3729 »τ’
