2367 3850
140 0 216 3 -——
229 0 313 15 *vs
329 0 403 7 -r—
417 0 432 8 κ

310 177 389 213 DE
429 177 668 214 NATURA
708 179 987 217 PRINCIPII
1028 179 1446 218 OPERATIONUM
1487 179 1913 222 RATIONALIUM.
2044 179 2109 230 97

114 327 489 401 princepium,
533 334 617 384 est
652 329 916 385 distincta
955 330 1192 386 realiter
1231 330 1304 387 ab
1339 329 1591 387 omnibus
1617 329 2115 406 modificationibus

126 416 520 473 materialibus
561 422 618 472 et
654 418 727 474 ab
782 419 991 475 actibus
1043 419 1296 476 omnibus
1335 419 1640 493 psychicis,
1701 420 1804 493 qui
1835 419 2002 494 fiunt
2051 420 2114 476 in

132 504 307 561 nobis.

248 619 640 678 Conscientia
695 620 857 680 enim
901 631 1151 680 testante
1170 668 1184 693 ,
1244 622 1343 680 illa
1384 621 1619 681 realitas
1661 623 2013 700 intellegens
2055 633 2114 682 et

126 710 363 779 volem,
410 727 593 784 quam
634 712 886 768 animam
925 712 1263 769 rationalem
1291 729 1592 784 vocamus,
1637 712 1850 772 eadem
1879 729 2118 789 semper

130 808 455 872 permanet
496 800 603 857 sub
647 799 923 858 omnibus
978 799 1519 860 modificationibus
1536 846 1549 872 ,
1613 819 1769 877 quae
1824 800 1884 859 in
1940 801 2116 860 nobis

128 888 301 945 fiunt.
361 887 661 964 Eg0,-qui
687 888 872 947 modo
903 889 1103 964 cogito
1145 899 1206 948 et
1247 892 1406 961 volO,
1451 908 1579 948 sum
1621 891 1720 950 ille
1763 891 1924 949 idem
1968 891 2113 966 ipse,

130 987 435 1050 quatenus
464 977 739 1053 cogitans
768 988 829 1036 et
855 979 1080 1049 volenS,
1128 979 1230 1054 qui
1259 979 1618 1055 cogitabam,
1663 980 1940 1039 volebam
1968 980 2115 1050 heri,

128 1065 354 1124 decem
370 1111 384 1136 ,
442 1065 649 1141 viginti
694 1067 913 1126 abhinc
956 1067 1143 1126 annis.
1230 1067 1640 1144 Cogitationes
1687 1080 1746 1129 et
1801 1068 2117 1128 volitiones

128 1153 385 1213 veniunt
438 1166 499 1213 et
551 1165 887 1228 transeunt,
944 1157 1049 1216 sed
1106 1175 1222 1232 ego
1277 1157 1550 1234 cogitans
1606 1169 1664 1217 et
1706 1159 1913 1217 volens
1955 1157 2116 1216 idem

128 1261 478 1319 persevero,
562 1247 713 1304 Item
770 1265 986 1322 corpus
1045 1246 1263 1304 cotidie
1319 1257 1604 1320 mutatur,
1667 1247 1883 1320 immo,
1945 1264 2118 1324 expe-

129 1333 355 1392 rientia
382 1344 549 1405 teste,
582 1335 1031 1394 decurrentibus
1050 1335 1222 1394 annis
1242 1337 1597 1409 immutatur,
1630 1337 1900 1412 cogitans
1919 1348 2115 1395 autem

128 1433 195 1480 et
249 1423 464 1482 volens
518 1423 679 1482 idem
738 1424 800 1482 in
854 1443 953 1484 me
1008 1437 1336 1502 permanet.
1424 1426 1543 1484 Sed
1602 1425 1747 1484 illud
1808 1427 1973 1501 quod
2033 1426 2117 1484 sic

128 1512 349 1570 transit
390 1521 450 1571 et
490 1522 746 1571 mutatur
764 1559 778 1586 ,
833 1532 957 1572 non
1013 1524 1210 1591 potest
1263 1531 1394 1573 esse
1449 1513 1611 1573 idem
1653 1533 1726 1572 ac
1768 1514 1912 1573 illud
1955 1515 2118 1590 quod

128 1601 301 1658 idem
346 1611 676 1676 permanet.
704 1603 895 1678 ‘Ergo
936 1604 1135 1661 anima
1176 1601 1455 1662 distincta
1482 1613 1572 1662 est
1599 1623 1636 1662 a
1663 1603 2120 1679 cogitationibus

134 1690 224 1748 sic
266 1693 712 1750 transeuntibus
754 1704 891 1750 eta
932 1692 1472 1751 modificationibus
1515 1693 1928 1752 materialibus.

258 1779 479 1854 Neque
522 1781 804 1839 audiendi
843 1791 978 1839 sunt
1006 1782 1108 1857 qui
1136 1783 1153 1814 ¹
1195 1783 1272 1840 de
1312 1781 1681 1840 conscientia
1709 1782 1932 1858 duplici
1962 1777 2120 1858 (‹<de-

138 1868 536 1928 doublement
578 1870 654 1928 de
695 1871 755 1927 la
795 1867 1216 1947 conscience»)
1251 1873 1590 1947 loquuntur,
1636 1881 1698 1930 ut
1724 1871 2121 1948 pluralitatem

138 1976 536 2034 personarum
580 1960 642 2017 in
682 1977 805 2018 uno
856 1970 915 2019 et
970 1960 1186 2020 eodem
1243 1960 1553 2019 individuo
1608 1972 1853 2037 ponant.
1940 1963 2122 2020 Facta

140 2048 303 2105 enim
349 2048 569 2118 omnia,
617 2067 770 2124 quae
813 2051 1085 2122 afferunt,
1128 2068 1257 2108 non
1298 2050 1538 2109 aliunde
1581 2050 1968 2109 desumuntur
2009 2050 2119 2107 nisi

142 2156 213 2195 ex
266 2140 689 2211 aegrotantium
743 2139 1053 2197 hominum
1108 2139 1295 2198 modo
1352 2139 1606 2214 agendi3
1674 2151 2016 2215 praeterea,
2074 2138 2121 2196 si

142 2228 427 2285 maturius
466 2238 526 2285 et
554 2228 787 2303 penitus
818 2228 1273 2304 perspiciuntur,
1316 2229 1578 2304 probant
1605 2247 1678 2288 ea
1706 2229 1948 2304 quidem
1975 2229 2122 2287 tales

142 2316 420 2375 homines
461 2316 685 2375 habere
730 2317 1157 2376 conscientiam
1200 2318 1432 2394 duplicis
1471 2325 1652 2376 status
1691 2320 1860 2376 unius
1900 2326 1956 2375 et
1989 2320 2122 2376 eius-

144 2406 265 2462 dem
307 2424 425 2479 ego,
469 2423 595 2463 non
640 2417 835 2464 autem
880 2408 1311 2466 conscientiam
1353 2407 1606 2483 duplicis
1649 2425 1763 2483 ego
1788 2408 1824 2464 ².

267 2550 523 2607 Assertio
550 2550 637 2607 II.
683 2580 761 2589 —
789 2552 957 2609 Haec
993 2552 1232 2609 realitas
1271 2552 1592 2623 intellegens
1627 2558 1682 2607 et
1705 2552 1912 2619 volens,
1954 2568 2123 2624 quam

150 2641 399 2695 animam
441 2641 779 2697 rationalem
818 2658 1077 2699 vocamus
1090 2686 1108 2710 ‚
1151 2647 1235 2697 est
1270 2641 1598 2698 substantia.
1686 2639 1919 2697 Eodem
1962 2638 2123 2697 enim

152 2745 325 2785 sensu
364 2728 575 2787 intimo
618 2739 899 2801 testante,
955 2729 1099 2787 illud
1140 2730 1303 2787 idem
1343 2747 1704 2804 permanens
1748 2738 1836 2787 est
1877 2727 2120 2803 aliquid,

154 2817 317 2891 quod
358 2816 578 2876 exsistit
619 2817 681 2875 in
724 2837 786 2876 se
828 2819 985 2894 ips0‚
1028 2837 1167 2876 .non
1211 2829 1408 2877 autem
1451 2820 1513 2875 in
1555 2818 1672 2876 alio
1714 2828 2020 2892 tamquam
2063 2816 2124 2874 in

156 2906 435 2965 subiecto
520 2908 677 2965 Nam
722 2908 913 2966 sentio
956 2907 1432 2967 modificationes
1471 2907 1600 2965 illas
1642 2925 1852 2965 omnes
1909 2906 2126 2980 cogita-

157 2995 333 3053 tionis
374 3006 430 3053 et
469 2995 767 3055 volitionis
809 2998 934 3055 fieri
990 2996 1049 3053 in
1105 2997 1208 3055 illo
1265 2996 1562 3071 cogitante
1581 3042 1594 3066 ‚
1659 2995 1801 3054 illud
1857 2996 2127 3070 cogitans

164 3094 222 3141 et
262 3085 459 3143 volens
501 3084 642 3161 ipsis
684 3088 982 3157 substare,
1040 3086 1233 3161 ipsum
1289 3095 1484 3143 autem
1529 3085 1589 3143 in
1632 3086 1795 3142 nullo
1838 3084 1955 3141 alio
1999 3078 2128 3142 sub-

292 3275 309 3306 ¹
351 3280 497 3331 Taine
532 3298 575 3331 e.
614 3300 665 3348 g.
706 3283 757 3331 in
796 3282 943 3343 libro,
984 3282 1067 3347 qui
1106 3281 1424 3329 inscribitur:
1466 3282 1547 3329 De
1586 3279 1960 3343 l’intelligence.

291 3355 312 3385 ²
348 3359 417 3409 Cf.
453 3363 656 3427 Farges,
698 3365 773 3411 Le
812 3378 1023 3411 cerveau
1062 3372 1156 3409 etc.
1197 3378 1246 3423 p.
1296 3374 1392 3418 109
1433 3377 1540 3423 sqq.

280 3449 640 3505 Reinstadler,
676 3455 814 3495 Elem.
846 3454 1000 3505 philos.
1034 3452 1167 3492 schol.
1214 3452 1268 3493 ΙΙ.
1776 3454 1802 3503 7
