2367 3850
1659 0 1732 11 ·“-·-
1753 0 2333 177 ·“”“-τ“·πι-υ·τ·“----Ἰ

337 218 440 270 260
963 229 1297 270 Tui-:onoma
1336 227 1675 269 NATURALrs.

333 391 490 438 nata.
575 381 696 439 Sed
723 389 915 458 poena
973 389 1211 440 aeterna
1267 399 1395 438 non
1455 391 1543 439 est
1599 379 2057 456 proportionata
2110 375 2277 452 culpae

331 470 643 548 temporali.
745 470 939 547 Culpa
998 471 1158 530 enim
1218 487 1329 546 per
1395 468 1699 528 modicum
1758 478 1995 544 tempus
2054 465 2277 534 duravit,

332 576 533 635 poena
573 567 772 618 autem
811 569 1056 618 aeterna
1095 577 1423 634 numquam
1465 557 1735 617 cessabit.

458 669 508 708 2.
552 651 869 708 Praeterea
893 649 1126 708 videtur
1165 649 1474 724 sapientiae
1500 647 1619 706 Dei
1658 645 1981 706 adversari.
2035 645 2183 702 Nam
2208 662 2279 700 sa-

328 735 546 814 pientis
573 755 775 814 poena
801 756 1040 814 semper
1067 737 1251 796 debet
1277 753 1409 795 esse
1438 734 1826 795 medicinalis.
1898 735 2115 808 Neque
2138 733 2279 791 enim

330 845 466 886 reus
492 827 749 903 punitur,
780 836 843 885 ut
870 825 1164 903 puniatur,
1210 826 1317 885 sed
1346 825 1602 902 punitur,
1632 835 1695 883 ut
1723 823 2072 898 corrigatur.
2117 822 2279 896 Atqui

317 923 508 991 poena
549 923 785 974 aeterna
825 935 940 974 non
980 923 1066 974 est
1099 915 1443 973 medicinalis
1457 936 1477 974 .·
1514 931 1632 973 nec
1672 932 1783 989 pro
1826 913 1961 988 ipso
2004 929 2110 971 reo
2124 958 2139 983 ‚
2193 910 2278 986 qui

328 1014 466 1080 post
505 1013 757 1064 mortem
788 1003 1097 1064 emendari
1137 1023 1261 1062 non
1290 1013 1521 1080 potest3
1561 1021 1676 1062 nec
1717 1022 1831 1078 pro
1872 1001 2020 1072 aliis
2065 1019 2193 1060 cum
2226 1000 2279 1056 in

329 1092 676 1153 aeternitate
717 1093 864 1152 nulli
905 1092 1022 1152 sint
1063 1091 1269 1164 futuri,
1328 1093 1429 1168 qui
1470 1109 1581 1168 per
1620 1093 1739 1150 hoc
1792 1090 2019 1166 corrigi
2057 1087 2278 1167 possint.

327 1185 490 1257 Ergo
533 1191 826 1259 repugnat
865 1183 982 1242 Dei
1023 1181 1370 1259 sapientiae.

449 1291 503 1346 3.
548 1271 829 1347 Denique
868 1270 1101 1330 videtur
1143 1271 1323 1330 etiam
1363 1271 1603 1328 bonitati
1625 1268 1745 1329 Dei
1784 1268 2107 1328 adversari.
2172 1268 2280 1324 Ens

327 1359 488 1418 enim
529 1359 757 1419 infinite
799 1362 1026 1419 bonum
1066 1378 1195 1418 non
1236 1368 1325 1418 est
1366 1360 1596 1418 crudele.
1669 1359 1923 1418 Videtur
1964 1369 2160 1419 autem
2196 1356 2279 1414 ali-

329 1449 473 1524 quid
533 1449 776 1509 crudele
832 1451 976 1522 hoc,
1049 1449 1212 1524 quod
1267 1451 1433 1508 Deus
1488 1459 1849 1518 creaturam,
1922 1467 2107 1522 quam
2157 1445 2280 1504 fecit

325 1539 404 1596 ad
444 1537 889 1609 beatitudinem,
934 1537 1182 1597 omnino
1225 1539 1501 1596 miseram
1544 1555 1671 1596 esse
1714 1536 1883 1596 sinat.
1956 1539 2121 1612 Ergo
2163 1583 2172 1594 .
2216 1581 2225 1592 .
2267 1579 2277 1590 .

448 1626 568 1684 Sed
624 1635 834 1685 contra
893 1636 982 1685 est
1034 1628 1182 1686 fides
1226 1627 1535 1686 Ecclesiae
1594 1625 1924 1684 catholicae
1987 1626 2145 1685 circa
2198 1642 2278 1682 ex-

325 1713 649 1773 sistentiam
692 1715 927 1774 inferni.
1012 1715 1275 1775 Proinde
1318 1715 1393 1774 sit

445 1856 664 1905 Thesis.
733 1845 1061 1905 Aeternitas
1087 1855 1409 1922 poenarum
1450 1848 1647 1922 aliqua
1700 1865 1773 1904 ex
1798 1854 1977 1922 parte
2030 1845 2279 1904 suadetur

324 1939 546 1994 ratione
559 1959 578 2006 ‚·
619 1936 705 1994 ad
736 1938 920 1995 minus
959 1938 1244 1995 em'denter
1281 1938 1501 1995 ostendi
1522 1956 1633 1995 non
1662 1945 1851 2013 potest
1874 1939 2059 2013 ipsam
2084 1935 2281 1995 rationi

322 2033 657 2100 repugnare.

444 2168 636 2215 Status
675 2164 1042 2227 quaestionis.
1108 2158 1252 2215 Non
1294 2156 1485 2232 agitur
1523 2158 1623 2215 hic
1664 2158 1741 2217 de
1772 2156 2121 2216 aeternitate
2155 2172 2276 2231 poe·

322 2264 532 2303 narum
575 2245 913 2320 theologice
957 2245 1263 2321 inspecta3
1316 2248 1425 2305 sub
1467 2248 1585 2305 hoc
1641 2247 1803 2305 enim
1857 2256 2135 2322 respectu
2172 2242 2273 2301 fide

323 2344 550 2392 certum
593 2345 681 2393 est
720 2352 950 2411 poenas
991 2334 1311 2410 impiorum
1354 2354 1483 2395 esse
1526 2344 1816 2395 aeternas,
1902 2336 2025 2395 Sed
2070 2332 2274 2410 quaeri·

321 2432 430 2495 tur,
475 2441 617 2481 num
658 2422 888 2482 ratione
931 2425 1058 2482 sola
1097 2425 1251 2483 haec
1292 2422 1611 2483 aeternitas
1652 2424 2053 2483 demonstrari
2093 2422 2273 2500 possit.
2331 2442 2332 2479 ι

441 2512 720 2571 Admissa
760 2511 1016 2587 proinde
1072 2512 1420 2572 aeternitate
1463 2514 1615 2571 vitae
1671 2513 1939 2585 animae,
1996 2513 2278 2589 quaeritur

319 2599 434 2671 hie,
479 2620 623 2659 num
664 2600 892 2675 possint
933 2604 1158 2677 aliquae
1198 2604 1394 2659 saltem
1434 2604 1662 2660 animae
1708 2603 1996 2661 humanae
2042 2599 2276 2661 aeternis

319 2689 532 2762 poenis
601 2688 883 2763 cruciariz,
962 2691 1040 2748 ad
1107 2690 1301 2749 minus
1319 2736 1333 2761 ,
1413 2700 1606 2749 utrum
1676 2690 1995 2750 aeternitas
2063 2692 2273 2749 illarum

317 2795 650 2852 poenarum
695 2778 911 2837 rationi
953 2789 1247 2854 repugnet
1286 2796 1499 2837 necne.

439 2867 727 2940 Quaestio
769 2866 856 2925 sic
897 2867 1091 2942 posita
1129 2878 1410 2942 negatur:

436 2957 697 3031 implicite
736 2957 812 3014 ab
857 2955 968 3013 illis
1011 2956 1287 3015 omnibus
1309 3001 1321 3025 ,
1383 2954 1485 3031 qui
1527 2967 1751 3032 negant
1790 2956 2273 3017 immortalitatem

317 3060 587 3117 ammae3

436 3135 688 3207 explicite
753 3152 790 3191 a
848 3134 1148 3193 nonnullis
1208 3152 1284 3192 ex
1341 3134 1649 3193 hodiernis
1666 3181 1681 3206 ,
1756 3133 1861 3210 qui
1918 3134 2272 3195 contendunt

315 3219 575 3277 animam
617 3221 1012 3281 immortalem
1055 3239 1180 3280 non
1235 3242 1410 3298 posse
1452 3224 1709 3283 aeternis
1764 3222 1979 3299 poenis
2020 3222 2269 3291 cruciari,
2331 3296 2332 3299 Ἴ

315 3307 456 3376 quia
482 3308 600 3363 hoc
629 3310 778 3365 illius
806 3311 940 3380 Dei,
985 3328 1166 3383 quem
1194 3311 1303 3368 sibi
1336 3314 1581 3386 fingunt,
1624 3312 1895 3384 bonitati,
1939 3313 2268 3390 sapientiae,

313 3389 564 3447 iustitiae
605 3392 964 3452 adversetur.
