<?xml version="1.0" encoding="UTF-8"?>
<!DOCTYPE html PUBLIC "-//W3C//DTD XHTML 1.0 Transitional//EN"
    "http://www.w3.org/TR/xhtml1/DTD/xhtml1-transitional.dtd">
<html xmlns="http://www.w3.org/1999/xhtml" xml:lang="en" lang="en">
 <head>
  <title>
</title>
<meta http-equiv="Content-Type" content="text/html;charset=utf-8" />
  <meta name='ocr-system' content='tesseract 3.04.00' />
  <meta name='ocr-capabilities' content='ocr_page ocr_carea ocr_par ocr_line ocrx_word'/>
</head>
<body>
  <div class='ocr_page' id='page_1' title='image "./elementaphiloso01reingoog_0257.png"; bbox 0 0 2367 3850; ppageno 0'>
   <div class='ocr_carea' id='block_1_1' title="bbox 759 217 2091 272">
    <p class='ocr_par' dir='ltr' id='par_1_1' title="bbox 759 217 2091 272">
     <span class='ocr_line' id='line_1_1' title="bbox 759 217 2091 272; baseline 0.005 -21"><span class='ocrx_word' id='word_1_1' title='bbox 759 241 765 246; x_wconf 81' lang='grc'>.</span> <span class='ocrx_word' id='word_1_2' title='bbox 843 217 920 252; x_wconf 71' lang='lat' dir='ltr'><strong>nn</strong></span> <span class='ocrx_word' id='word_1_3' title='bbox 961 217 1229 254; x_wconf 74' lang='lat' dir='ltr'><strong>scmN‘rlA</strong></span> <span class='ocrx_word' id='word_1_4' title='bbox 1269 217 1383 256; x_wconf 77' lang='lat' dir='ltr'><strong>Dm.</strong></span> <span class='ocrx_word' id='word_1_5' title='bbox 1997 221 2091 272; x_wconf 88' lang='lat'><strong>231</strong></span> 
     </span>
    </p>
   </div>
   <div class='ocr_carea' id='block_1_2' title="bbox 119 363 2103 3469">
    <p class='ocr_par' dir='ltr' id='par_1_2' title="bbox 121 363 2102 603">
     <span class='ocr_line' id='line_1_2' title="bbox 244 363 2102 444; baseline 0.004 -25"><span class='ocrx_word' id='word_1_6' title='bbox 244 382 295 420; x_wconf 90' lang='lat'><strong>1.</strong></span> <span class='ocrx_word' id='word_1_7' title='bbox 343 363 603 421; x_wconf 89' lang='lat' dir='ltr'><strong>Obiecta</strong></span> <span class='ocrx_word' id='word_1_8' title='bbox 643 364 930 440; x_wconf 90' lang='lat' dir='ltr'><strong>simplicis</strong></span> <span class='ocrx_word' id='word_1_9' title='bbox 985 366 1451 440; x_wconf 85' lang='lat' dir='ltr'><strong>intellegentiae,</strong></span> <span class='ocrx_word' id='word_1_10' title='bbox 1510 369 1545 425; x_wconf 89' lang='lat' dir='ltr'><strong>i.</strong></span> <span class='ocrx_word' id='word_1_11' title='bbox 1592 385 1641 426; x_wconf 91' lang='lat' dir='ltr'><strong>e.</strong></span> <span class='ocrx_word' id='word_1_12' title='bbox 1702 387 1865 426; x_wconf 91' lang='lat' dir='ltr'><strong>mere</strong></span> <span class='ocrx_word' id='word_1_13' title='bbox 1922 369 2102 444; x_wconf 87' lang='lat' dir='ltr'><strong>possi-</strong></span> 
     </span>
     <span class='ocr_line' id='line_1_3' title="bbox 121 450 2101 531; baseline 0.005 -25"><span class='ocrx_word' id='word_1_14' title='bbox 121 450 262 508; x_wconf 84' lang='lat' dir='ltr'>bilia</span> <span class='ocrx_word' id='word_1_15' title='bbox 292 452 459 509; x_wconf 91' lang='lat' dir='ltr'><strong>Deus</strong></span> <span class='ocrx_word' id='word_1_16' title='bbox 501 453 666 510; x_wconf 91' lang='lat' dir='ltr'><strong>videt</strong></span> <span class='ocrx_word' id='word_1_17' title='bbox 707 452 768 510; x_wconf 89' lang='lat' dir='ltr'><strong>in</strong></span> <span class='ocrx_word' id='word_1_18' title='bbox 811 453 942 529; x_wconf 87' lang='lat' dir='ltr'><strong>ipsa</strong></span> <span class='ocrx_word' id='word_1_19' title='bbox 983 473 1086 512; x_wconf 88' lang='lat' dir='ltr'><strong>sua</strong></span> <span class='ocrx_word' id='word_1_20' title='bbox 1117 455 1375 513; x_wconf 89' lang='lat' dir='ltr'><strong>essentia</strong></span> <span class='ocrx_word' id='word_1_21' title='bbox 1403 455 1765 531; x_wconf 88' lang='lat' dir='ltr'><strong>simpliciter,</strong></span> <span class='ocrx_word' id='word_1_22' title='bbox 1813 467 2101 531; x_wconf 86' lang='lat' dir='ltr'><strong>quatenus</strong></span> 
     </span>
     <span class='ocr_line' id='line_1_4' title="bbox 123 540 1886 603; baseline 0.003 -6"><span class='ocrx_word' id='word_1_23' title='bbox 123 540 284 597; x_wconf 88' lang='lat' dir='ltr'><strong>illam</strong></span> <span class='ocrx_word' id='word_1_24' title='bbox 326 540 492 599; x_wconf 88' lang='lat' dir='ltr'><strong>videt</strong></span> <span class='ocrx_word' id='word_1_25' title='bbox 534 541 635 599; x_wconf 90' lang='lat' dir='ltr'><strong>tali</strong></span> <span class='ocrx_word' id='word_1_26' title='bbox 678 543 774 602; x_wconf 88' lang='lat' dir='ltr'><strong>vel</strong></span> <span class='ocrx_word' id='word_1_27' title='bbox 816 542 919 600; x_wconf 93' lang='lat' dir='ltr'><strong>tali</strong></span> <span class='ocrx_word' id='word_1_28' title='bbox 962 542 1149 601; x_wconf 91' lang='lat' dir='ltr'><strong>modo</strong></span> <span class='ocrx_word' id='word_1_29' title='bbox 1192 543 1541 603; x_wconf 87' lang='lat' dir='ltr'><strong>imitabilem</strong></span> <span class='ocrx_word' id='word_1_30' title='bbox 1584 545 1661 602; x_wconf 91' lang='lat' dir='ltr'><strong>ad</strong></span> <span class='ocrx_word' id='word_1_31' title='bbox 1706 554 1886 603; x_wconf 87' lang='lat' dir='ltr'><strong>extra.</strong></span> 
     </span>
    </p>

    <p class='ocr_par' dir='ltr' id='par_1_3' title="bbox 119 630 2101 1152">
     <span class='ocr_line' id='line_1_5' title="bbox 246 630 2096 706; baseline 0.003 -19"><span class='ocrx_word' id='word_1_32' title='bbox 246 650 300 686; x_wconf 86' lang='lat'><strong>2.</strong></span> <span class='ocrx_word' id='word_1_33' title='bbox 361 630 620 689; x_wconf 84' lang='lat' dir='ltr'><strong>Obiecta</strong></span> <span class='ocrx_word' id='word_1_34' title='bbox 674 649 819 689; x_wconf 91' lang='lat' dir='ltr'><strong>vero</strong></span> <span class='ocrx_word' id='word_1_35' title='bbox 874 631 1158 690; x_wconf 83' lang='lat' dir='ltr'><strong>scientiae</strong></span> <span class='ocrx_word' id='word_1_36' title='bbox 1216 632 1460 692; x_wconf 89' lang='lat' dir='ltr'><strong>visionis</strong></span> <span class='ocrx_word' id='word_1_37' title='bbox 1502 635 1667 692; x_wconf 90' lang='lat' dir='ltr'><strong>Deus</strong></span> <span class='ocrx_word' id='word_1_38' title='bbox 1720 634 1913 706; x_wconf 84' lang='lat' dir='ltr'><strong>videt,</strong></span> <span class='ocrx_word' id='word_1_39' title='bbox 1975 654 2096 693; x_wconf 92' lang='lat' dir='ltr'><strong>non</strong></span> 
     </span>
     <span class='ocr_line' id='line_1_6' title="bbox 119 719 2101 796; baseline 0.004 -21"><span class='ocrx_word' id='word_1_40' title='bbox 119 719 392 793; x_wconf 89' lang='lat' dir='ltr'><strong>praecise</strong></span> <span class='ocrx_word' id='word_1_41' title='bbox 435 720 498 778; x_wconf 90' lang='lat' dir='ltr'><strong>in</strong></span> <span class='ocrx_word' id='word_1_42' title='bbox 541 738 647 778; x_wconf 88' lang='lat' dir='ltr'><strong>sua</strong></span> <span class='ocrx_word' id='word_1_43' title='bbox 687 720 958 792; x_wconf 83' lang='lat' dir='ltr'><strong>essentia,</strong></span> <span class='ocrx_word' id='word_1_44' title='bbox 1004 732 1297 796; x_wconf 88' lang='lat' dir='ltr'><strong>quatenus</strong></span> <span class='ocrx_word' id='word_1_45' title='bbox 1335 733 1424 780; x_wconf 92' lang='lat' dir='ltr'><strong>est</strong></span> <span class='ocrx_word' id='word_1_46' title='bbox 1450 723 1725 794; x_wconf 85' lang='lat' dir='ltr'><strong>essentia,</strong></span> <span class='ocrx_word' id='word_1_47' title='bbox 1770 723 1878 782; x_wconf 91' lang='lat' dir='ltr'><strong>sed</strong></span> <span class='ocrx_word' id='word_1_48' title='bbox 1906 724 1967 781; x_wconf 90' lang='lat' dir='ltr'><strong>in</strong></span> <span class='ocrx_word' id='word_1_49' title='bbox 1996 743 2101 782; x_wconf 86' lang='lat' dir='ltr'><strong>sua</strong></span> 
     </span>
     <span class='ocr_line' id='line_1_7' title="bbox 121 808 2100 887; baseline 0.003 -23"><span class='ocrx_word' id='word_1_50' title='bbox 121 809 458 880; x_wconf 81' lang='lat' dir='ltr'><strong>voluntate,</strong></span> <span class='ocrx_word' id='word_1_51' title='bbox 517 808 552 868; x_wconf 90' lang='lat' dir='ltr'><strong>i.</strong></span> <span class='ocrx_word' id='word_1_52' title='bbox 599 827 650 869; x_wconf 91' lang='lat' dir='ltr'><strong>e.</strong></span> <span class='ocrx_word' id='word_1_53' title='bbox 696 809 758 868; x_wconf 91' lang='lat' dir='ltr'><strong>in</strong></span> <span class='ocrx_word' id='word_1_54' title='bbox 799 810 1048 868; x_wconf 90' lang='lat' dir='ltr'><strong>decreto</strong></span> <span class='ocrx_word' id='word_1_55' title='bbox 1090 828 1231 868; x_wconf 88' lang='lat' dir='ltr'><strong>suae</strong></span> <span class='ocrx_word' id='word_1_56' title='bbox 1273 811 1621 882; x_wconf 88' lang='lat' dir='ltr'><strong>voluntatis,</strong></span> <span class='ocrx_word' id='word_1_57' title='bbox 1672 830 1794 887; x_wconf 93' lang='lat' dir='ltr'><strong>quo</strong></span> <span class='ocrx_word' id='word_1_58' title='bbox 1835 812 2100 870; x_wconf 88' lang='lat' dir='ltr'><strong>decrevit</strong></span> 
     </span>
     <span class='ocr_line' id='line_1_8' title="bbox 121 897 2099 968; baseline 0.003 -16"><span class='ocrx_word' id='word_1_59' title='bbox 121 897 218 954; x_wconf 91' lang='lat' dir='ltr'><strong>illa</strong></span> <span class='ocrx_word' id='word_1_60' title='bbox 263 898 457 956; x_wconf 88' lang='lat' dir='ltr'><strong>futura</strong></span> <span class='ocrx_word' id='word_1_61' title='bbox 499 916 657 968; x_wconf 88' lang='lat' dir='ltr'><strong>esse,</strong></span> <span class='ocrx_word' id='word_1_62' title='bbox 719 898 755 956; x_wconf 94' lang='lat' dir='ltr'><strong>i.</strong></span> <span class='ocrx_word' id='word_1_63' title='bbox 801 917 853 957; x_wconf 90' lang='lat' dir='ltr'><strong>e.</strong></span> <span class='ocrx_word' id='word_1_64' title='bbox 899 899 1064 957; x_wconf 90' lang='lat' dir='ltr'><strong>Deus</strong></span> <span class='ocrx_word' id='word_1_65' title='bbox 1105 898 1270 958; x_wconf 90' lang='lat' dir='ltr'><strong>videt</strong></span> <span class='ocrx_word' id='word_1_66' title='bbox 1312 899 1413 957; x_wconf 91' lang='lat' dir='ltr'><strong>illa</strong></span> <span class='ocrx_word' id='word_1_67' title='bbox 1455 900 1631 959; x_wconf 88' lang='lat' dir='ltr'><strong>fuisse</strong></span> <span class='ocrx_word' id='word_1_68' title='bbox 1672 902 1767 960; x_wconf 87' lang='lat' dir='ltr'><strong>vel</strong></span> <span class='ocrx_word' id='word_1_69' title='bbox 1823 918 1953 959; x_wconf 89' lang='lat' dir='ltr'><strong>esse</strong></span> <span class='ocrx_word' id='word_1_70' title='bbox 2006 903 2099 959; x_wconf 89' lang='lat' dir='ltr'><strong>vel</strong></span> 
     </span>
     <span class='ocr_line' id='line_1_9' title="bbox 126 987 2101 1065; baseline 0.003 -22"><span class='ocrx_word' id='word_1_71' title='bbox 126 987 314 1045; x_wconf 87' lang='lat' dir='ltr'><strong>futura</strong></span> <span class='ocrx_word' id='word_1_72' title='bbox 356 1004 506 1058; x_wconf 91' lang='lat' dir='ltr'><strong>esse,</strong></span> <span class='ocrx_word' id='word_1_73' title='bbox 548 988 684 1062; x_wconf 82' lang='lat' dir='ltr'><strong>quia</strong></span> <span class='ocrx_word' id='word_1_74' title='bbox 724 988 906 1046; x_wconf 84' lang='lat' dir='ltr'><strong>voluit</strong></span> <span class='ocrx_word' id='word_1_75' title='bbox 943 1007 1011 1046; x_wconf 85' lang='lat' dir='ltr'><strong>ea</strong></span> <span class='ocrx_word' id='word_1_76' title='bbox 1051 1005 1165 1046; x_wconf 83' lang='lat' dir='ltr'><strong>esse</strong></span> <span class='ocrx_word' id='word_1_77' title='bbox 1192 988 1295 1046; x_wconf 84' lang='lat' dir='ltr'><strong>tali</strong></span> <span class='ocrx_word' id='word_1_78' title='bbox 1324 989 1419 1048; x_wconf 92' lang='lat' dir='ltr'><strong>vel</strong></span> <span class='ocrx_word' id='word_1_79' title='bbox 1448 989 1549 1048; x_wconf 90' lang='lat' dir='ltr'><strong>tali</strong></span> <span class='ocrx_word' id='word_1_80' title='bbox 1578 999 1867 1065; x_wconf 88' lang='lat' dir='ltr'><strong>tempore.</strong></span> <span class='ocrx_word' id='word_1_81' title='bbox 1919 990 2101 1064; x_wconf 87' lang='lat' dir='ltr'><strong>Quod</strong></span> 
     </span>
     <span class='ocr_line' id='line_1_10' title="bbox 124 1075 824 1152; baseline 0.003 -20"><span class='ocrx_word' id='word_1_82' title='bbox 124 1075 364 1150; x_wconf 90' lang='lat' dir='ltr'><strong>quidem</strong></span> <span class='ocrx_word' id='word_1_83' title='bbox 410 1075 496 1135; x_wconf 90' lang='lat' dir='ltr'><strong>sic</strong></span> <span class='ocrx_word' id='word_1_84' title='bbox 539 1078 824 1152; x_wconf 86' lang='lat' dir='ltr'><strong>probant:</strong></span> 
     </span>
    </p>

    <p class='ocr_par' dir='ltr' id='par_1_4' title="bbox 125 1165 2103 3113">
     <span class='ocr_line' id='line_1_11' title="bbox 238 1165 2103 1244; baseline 0.001 -21"><span class='ocrx_word' id='word_1_85' title='bbox 238 1165 531 1237; x_wconf 91' lang='lat' dir='ltr'><strong>Medium,</strong></span> <span class='ocrx_word' id='word_1_86' title='bbox 577 1185 699 1241; x_wconf 91' lang='lat' dir='ltr'><strong>quo</strong></span> <span class='ocrx_word' id='word_1_87' title='bbox 728 1167 894 1224; x_wconf 91' lang='lat' dir='ltr'><strong>Deus</strong></span> <span class='ocrx_word' id='word_1_88' title='bbox 923 1184 1018 1225; x_wconf 90' lang='lat' dir='ltr'><strong>res</strong></span> <span class='ocrx_word' id='word_1_89' title='bbox 1047 1167 1193 1226; x_wconf 91' lang='lat' dir='ltr'><strong>alias</strong></span> <span class='ocrx_word' id='word_1_90' title='bbox 1223 1187 1259 1225; x_wconf 89' lang='lat' dir='ltr'><strong>a</strong></span> <span class='ocrx_word' id='word_1_91' title='bbox 1286 1186 1351 1226; x_wconf 92' lang='lat' dir='ltr'><strong>se</strong></span> <span class='ocrx_word' id='word_1_92' title='bbox 1381 1166 1709 1243; x_wconf 89' lang='lat' dir='ltr'><strong>cognoscit,</strong></span> <span class='ocrx_word' id='word_1_93' title='bbox 1753 1185 1878 1225; x_wconf 90' lang='lat' dir='ltr'><strong>non</strong></span> <span class='ocrx_word' id='word_1_94' title='bbox 1908 1178 2103 1244; x_wconf 87' lang='lat' dir='ltr'><strong>potest</strong></span> 
     </span>
     <span class='ocr_line' id='line_1_12' title="bbox 125 1255 2103 1332; baseline 0.002 -21"><span class='ocrx_word' id='word_1_95' title='bbox 125 1271 249 1313; x_wconf 90' lang='lat' dir='ltr'><strong>esse</strong></span> <span class='ocrx_word' id='word_1_96' title='bbox 290 1266 458 1314; x_wconf 86' lang='lat' dir='ltr'><strong>extra</strong></span> <span class='ocrx_word' id='word_1_97' title='bbox 501 1257 726 1326; x_wconf 91' lang='lat' dir='ltr'><strong>Deum,</strong></span> <span class='ocrx_word' id='word_1_98' title='bbox 779 1255 1046 1330; x_wconf 88' lang='lat' dir='ltr'><strong>alioquin</strong></span> <span class='ocrx_word' id='word_1_99' title='bbox 1090 1258 1255 1314; x_wconf 90' lang='lat' dir='ltr'><strong>Deus</strong></span> <span class='ocrx_word' id='word_1_100' title='bbox 1298 1256 1359 1314; x_wconf 92' lang='lat' dir='ltr'><strong>in</strong></span> <span class='ocrx_word' id='word_1_101' title='bbox 1404 1275 1509 1314; x_wconf 89' lang='lat' dir='ltr'><strong>sua</strong></span> <span class='ocrx_word' id='word_1_102' title='bbox 1549 1255 1893 1332; x_wconf 88' lang='lat' dir='ltr'><strong>cognitione</strong></span> <span class='ocrx_word' id='word_1_103' title='bbox 1949 1267 2103 1315; x_wconf 85' lang='lat' dir='ltr'><strong>esset</strong></span> 
     </span>
     <span class='ocr_line' id='line_1_13' title="bbox 125 1344 2102 1421; baseline 0.002 -20"><span class='ocrx_word' id='word_1_104' title='bbox 125 1344 474 1420; x_wconf 89' lang='lat' dir='ltr'><strong>dependens</strong></span> <span class='ocrx_word' id='word_1_105' title='bbox 533 1345 611 1402; x_wconf 89' lang='lat' dir='ltr'><strong>ab</strong></span> <span class='ocrx_word' id='word_1_106' title='bbox 670 1344 821 1415; x_wconf 89' lang='lat' dir='ltr'><strong>ali0,</strong></span> <span class='ocrx_word' id='word_1_107' title='bbox 883 1344 1048 1418; x_wconf 88' lang='lat' dir='ltr'><strong>quod</strong></span> <span class='ocrx_word' id='word_1_108' title='bbox 1107 1354 1402 1421; x_wconf 87' lang='lat' dir='ltr'><strong>repugnat</strong></span> <span class='ocrx_word' id='word_1_109' title='bbox 1461 1346 1587 1404; x_wconf 89' lang='lat' dir='ltr'><strong>eius</strong></span> <span class='ocrx_word' id='word_1_110' title='bbox 1648 1345 1911 1404; x_wconf 85' lang='lat' dir='ltr'><strong>infinitae</strong></span> <span class='ocrx_word' id='word_1_111' title='bbox 1970 1363 2102 1421; x_wconf 91' lang='lat' dir='ltr'><strong>per-</strong></span> 
     </span>
     <span class='ocr_line' id='line_1_14' title="bbox 126 1432 2101 1510; baseline 0.002 -20"><span class='ocrx_word' id='word_1_112' title='bbox 126 1432 380 1492; x_wconf 89' lang='lat' dir='ltr'><strong>fectioni.</strong></span> <span class='ocrx_word' id='word_1_113' title='bbox 455 1433 575 1492; x_wconf 91' lang='lat' dir='ltr'><strong>Sed</strong></span> <span class='ocrx_word' id='word_1_114' title='bbox 617 1433 680 1492; x_wconf 92' lang='lat' dir='ltr'><strong>in</strong></span> <span class='ocrx_word' id='word_1_115' title='bbox 721 1433 855 1508; x_wconf 91' lang='lat' dir='ltr'><strong>ipso</strong></span> <span class='ocrx_word' id='word_1_116' title='bbox 898 1436 1033 1492; x_wconf 92' lang='lat' dir='ltr'><strong>Deo</strong></span> <span class='ocrx_word' id='word_1_117' title='bbox 1076 1433 1341 1492; x_wconf 88' lang='lat' dir='ltr'><strong>medium</strong></span> <span class='ocrx_word' id='word_1_118' title='bbox 1382 1434 1528 1492; x_wconf 91' lang='lat' dir='ltr'><strong>illud</strong></span> <span class='ocrx_word' id='word_1_119' title='bbox 1567 1453 1694 1493; x_wconf 90' lang='lat' dir='ltr'><strong>non</strong></span> <span class='ocrx_word' id='word_1_120' title='bbox 1735 1445 1931 1510; x_wconf 88' lang='lat' dir='ltr'><strong>potest</strong></span> <span class='ocrx_word' id='word_1_121' title='bbox 1971 1452 2101 1493; x_wconf 92' lang='lat' dir='ltr'><strong>esse</strong></span> 
     </span>
     <span class='ocr_line' id='line_1_15' title="bbox 127 1521 2100 1598; baseline 0.002 -19"><span class='ocrx_word' id='word_1_122' title='bbox 127 1522 277 1580; x_wconf 88' lang='lat' dir='ltr'><strong>aliud</strong></span> <span class='ocrx_word' id='word_1_123' title='bbox 316 1521 431 1581; x_wconf 92' lang='lat' dir='ltr'><strong>nisi</strong></span> <span class='ocrx_word' id='word_1_124' title='bbox 473 1522 606 1598; x_wconf 88' lang='lat' dir='ltr'><strong>ipsa</strong></span> <span class='ocrx_word' id='word_1_125' title='bbox 645 1522 813 1594; x_wconf 87' lang='lat' dir='ltr'><strong>ratio,</strong></span> <span class='ocrx_word' id='word_1_126' title='bbox 859 1535 1108 1598; x_wconf 88' lang='lat' dir='ltr'><strong>propter</strong></span> <span class='ocrx_word' id='word_1_127' title='bbox 1151 1542 1331 1598; x_wconf 86' lang='lat' dir='ltr'><strong>quam</strong></span> <span class='ocrx_word' id='word_1_128' title='bbox 1360 1542 1455 1582; x_wconf 92' lang='lat' dir='ltr'><strong>res</strong></span> <span class='ocrx_word' id='word_1_129' title='bbox 1482 1523 1618 1582; x_wconf 90' lang='lat' dir='ltr'><strong>illae</strong></span> <span class='ocrx_word' id='word_1_130' title='bbox 1648 1534 1782 1582; x_wconf 89' lang='lat' dir='ltr'><strong>sunt</strong></span> <span class='ocrx_word' id='word_1_131' title='bbox 1810 1523 1872 1582; x_wconf 90' lang='lat' dir='ltr'><strong>id</strong></span> <span class='ocrx_word' id='word_1_132' title='bbox 1901 1542 2100 1596; x_wconf 91' lang='lat' dir='ltr'><strong>omne,</strong></span> 
     </span>
     <span class='ocr_line' id='line_1_16' title="bbox 129 1611 2098 1688; baseline 0.001 -19"><span class='ocrx_word' id='word_1_133' title='bbox 129 1611 286 1685; x_wconf 88' lang='lat' dir='ltr'><strong>quod</strong></span> <span class='ocrx_word' id='word_1_134' title='bbox 326 1621 478 1670; x_wconf 89' lang='lat' dir='ltr'><strong>sunt.</strong></span> <span class='ocrx_word' id='word_1_135' title='bbox 522 1641 602 1650; x_wconf 92' lang='lat'>—</span> <span class='ocrx_word' id='word_1_136' title='bbox 643 1614 830 1670; x_wconf 88' lang='lat' dir='ltr'><strong>Porro</strong></span> <span class='ocrx_word' id='word_1_137' title='bbox 873 1611 1118 1686; x_wconf 88' lang='lat' dir='ltr'><strong>quando</strong></span> <span class='ocrx_word' id='word_1_138' title='bbox 1162 1612 1353 1687; x_wconf 90' lang='lat' dir='ltr'><strong>agitur</strong></span> <span class='ocrx_word' id='word_1_139' title='bbox 1394 1613 1472 1671; x_wconf 92' lang='lat' dir='ltr'><strong>de</strong></span> <span class='ocrx_word' id='word_1_140' title='bbox 1510 1631 1675 1673; x_wconf 88' lang='lat' dir='ltr'><strong>mere</strong></span> <span class='ocrx_word' id='word_1_141' title='bbox 1706 1612 2098 1688; x_wconf 75' lang='lat' dir='ltr'><strong>possibilibUS,</strong></span> 
     </span>
     <span class='ocr_line' id='line_1_17' title="bbox 129 1699 2101 1777; baseline 0.001 -18"><span class='ocrx_word' id='word_1_142' title='bbox 129 1701 278 1759; x_wconf 89' lang='lat' dir='ltr'><strong>bene</strong></span> <span class='ocrx_word' id='word_1_143' title='bbox 305 1699 644 1776; x_wconf 88' lang='lat' dir='ltr'><strong>concipitur</strong></span> <span class='ocrx_word' id='word_1_144' title='bbox 671 1700 1006 1772; x_wconf 87' lang='lat' dir='ltr'><strong>essentiam,</strong></span> <span class='ocrx_word' id='word_1_145' title='bbox 1037 1710 1329 1775; x_wconf 92' lang='lat' dir='ltr'><strong>quatenus</strong></span> <span class='ocrx_word' id='word_1_146' title='bbox 1358 1701 1704 1777; x_wconf 91' lang='lat' dir='ltr'><strong>simpliciter</strong></span> <span class='ocrx_word' id='word_1_147' title='bbox 1732 1711 1819 1760; x_wconf 91' lang='lat' dir='ltr'><strong>est</strong></span> <span class='ocrx_word' id='word_1_148' title='bbox 1846 1701 2101 1761; x_wconf 87' lang='lat' dir='ltr'><strong>essentia</strong></span> 
     </span>
     <span class='ocr_line' id='line_1_18' title="bbox 131 1788 2101 1867; baseline 0 -20"><span class='ocrx_word' id='word_1_149' title='bbox 131 1791 226 1848; x_wconf 88' lang='lat' dir='ltr'><strong>tali</strong></span> <span class='ocrx_word' id='word_1_150' title='bbox 265 1792 361 1848; x_wconf 89' lang='lat' dir='ltr'><strong>vel</strong></span> <span class='ocrx_word' id='word_1_151' title='bbox 401 1789 505 1848; x_wconf 86' lang='lat' dir='ltr'><strong>tali</strong></span> <span class='ocrx_word' id='word_1_152' title='bbox 545 1790 730 1848; x_wconf 92' lang='lat' dir='ltr'><strong>modo</strong></span> <span class='ocrx_word' id='word_1_153' title='bbox 785 1788 1114 1862; x_wconf 85' lang='lat' dir='ltr'><strong>imitabilis,</strong></span> <span class='ocrx_word' id='word_1_154' title='bbox 1173 1809 1304 1850; x_wconf 89' lang='lat' dir='ltr'><strong>esse</strong></span> <span class='ocrx_word' id='word_1_155' title='bbox 1360 1790 1649 1850; x_wconf 86' lang='lat' dir='ltr'><strong>rationem</strong></span> <span class='ocrx_word' id='word_1_156' title='bbox 1668 1837 1681 1863; x_wconf 94' lang='lat'><strong>,</strong></span> <span class='ocrx_word' id='word_1_157' title='bbox 1745 1809 1864 1866; x_wconf 89' lang='lat' dir='ltr'><strong>qua</strong></span> <span class='ocrx_word' id='word_1_158' title='bbox 1919 1789 2101 1867; x_wconf 83' lang='lat' dir='ltr'><strong>possi-</strong></span> 
     </span>
     <span class='ocr_line' id='line_1_19' title="bbox 131 1878 2099 1955; baseline 0.001 -19"><span class='ocrx_word' id='word_1_159' title='bbox 131 1878 267 1938; x_wconf 86' lang='lat' dir='ltr'><strong>bilia</strong></span> <span class='ocrx_word' id='word_1_160' title='bbox 305 1890 442 1939; x_wconf 89' lang='lat' dir='ltr'><strong>sunt</strong></span> <span class='ocrx_word' id='word_1_161' title='bbox 482 1878 821 1955; x_wconf 77' lang='lat' dir='ltr'><strong>possibilia3</strong></span> <span class='ocrx_word' id='word_1_162' title='bbox 873 1879 982 1939; x_wconf 90' lang='lat' dir='ltr'><strong>sed</strong></span> <span class='ocrx_word' id='word_1_163' title='bbox 1025 1880 1271 1955; x_wconf 87' lang='lat' dir='ltr'><strong>quando</strong></span> <span class='ocrx_word' id='word_1_164' title='bbox 1313 1879 1505 1955; x_wconf 88' lang='lat' dir='ltr'><strong>agitur</strong></span> <span class='ocrx_word' id='word_1_165' title='bbox 1545 1881 1623 1939; x_wconf 92' lang='lat' dir='ltr'><strong>de</strong></span> <span class='ocrx_word' id='word_1_166' title='bbox 1677 1879 1853 1940; x_wconf 91' lang='lat' dir='ltr'><strong>rebus</strong></span> <span class='ocrx_word' id='word_1_167' title='bbox 1906 1890 2099 1939; x_wconf 90' lang='lat' dir='ltr'><strong>actua-</strong></span> 
     </span>
     <span class='ocr_line' id='line_1_20' title="bbox 133 1968 2097 2040; baseline 0.001 -15"><span class='ocrx_word' id='word_1_168' title='bbox 133 1969 304 2040; x_wconf 90' lang='lat' dir='ltr'><strong>libus,</strong></span> <span class='ocrx_word' id='word_1_169' title='bbox 347 1970 502 2028; x_wconf 88' lang='lat' dir='ltr'><strong>haec</strong></span> <span class='ocrx_word' id='word_1_170' title='bbox 545 1968 694 2027; x_wconf 90' lang='lat' dir='ltr'><strong>ratio</strong></span> <span class='ocrx_word' id='word_1_171' title='bbox 737 1987 862 2027; x_wconf 92' lang='lat' dir='ltr'><strong>non</strong></span> <span class='ocrx_word' id='word_1_172' title='bbox 905 1969 1134 2027; x_wconf 87' lang='lat' dir='ltr'><strong>sufficit.</strong></span> <span class='ocrx_word' id='word_1_173' title='bbox 1224 1968 1498 2028; x_wconf 88' lang='lat' dir='ltr'><strong>Actualia</strong></span> <span class='ocrx_word' id='word_1_174' title='bbox 1541 1970 1700 2029; x_wconf 89' lang='lat' dir='ltr'><strong>enim</strong></span> <span class='ocrx_word' id='word_1_175' title='bbox 1741 1988 1867 2028; x_wconf 90' lang='lat' dir='ltr'><strong>non</strong></span> <span class='ocrx_word' id='word_1_176' title='bbox 1910 1972 2097 2029; x_wconf 91' lang='lat' dir='ltr'><strong>solum</strong></span> 
     </span>
     <span class='ocr_line' id='line_1_21' title="bbox 132 2056 2099 2134; baseline 0.001 -19"><span class='ocrx_word' id='word_1_177' title='bbox 132 2068 258 2115; x_wconf 88' lang='lat' dir='ltr'><strong>sunt</strong></span> <span class='ocrx_word' id='word_1_178' title='bbox 298 2056 632 2134; x_wconf 88' lang='lat' dir='ltr'><strong>possibilia,</strong></span> <span class='ocrx_word' id='word_1_179' title='bbox 695 2057 802 2116; x_wconf 92' lang='lat' dir='ltr'><strong>sed</strong></span> <span class='ocrx_word' id='word_1_180' title='bbox 845 2058 1024 2116; x_wconf 89' lang='lat' dir='ltr'><strong>etiam</strong></span> <span class='ocrx_word' id='word_1_181' title='bbox 1068 2069 1203 2116; x_wconf 89' lang='lat' dir='ltr'><strong>actu</strong></span> <span class='ocrx_word' id='word_1_182' title='bbox 1247 2058 1545 2119; x_wconf 86' lang='lat' dir='ltr'><strong>exsistunt.</strong></span> <span class='ocrx_word' id='word_1_183' title='bbox 1632 2058 1813 2117; x_wconf 86' lang='lat' dir='ltr'><strong>Cuius</strong></span> <span class='ocrx_word' id='word_1_184' title='bbox 1856 2060 2099 2117; x_wconf 90' lang='lat' dir='ltr'><strong>actualis</strong></span> 
     </span>
     <span class='ocr_line' id='line_1_22' title="bbox 133 2146 2100 2223; baseline 0.001 -19"><span class='ocrx_word' id='word_1_185' title='bbox 133 2146 497 2206; x_wconf 87' lang='lat' dir='ltr'><strong>exsistentiae</strong></span> <span class='ocrx_word' id='word_1_186' title='bbox 542 2147 692 2205; x_wconf 87' lang='lat' dir='ltr'><strong>ratio</strong></span> <span class='ocrx_word' id='word_1_187' title='bbox 733 2166 858 2205; x_wconf 91' lang='lat' dir='ltr'><strong>non</strong></span> <span class='ocrx_word' id='word_1_188' title='bbox 901 2156 1098 2222; x_wconf 89' lang='lat' dir='ltr'><strong>potest</strong></span> <span class='ocrx_word' id='word_1_189' title='bbox 1141 2164 1271 2205; x_wconf 88' lang='lat' dir='ltr'><strong>esse</strong></span> <span class='ocrx_word' id='word_1_190' title='bbox 1327 2147 1457 2223; x_wconf 89' lang='lat' dir='ltr'><strong>ipsa</strong></span> <span class='ocrx_word' id='word_1_191' title='bbox 1500 2147 1615 2207; x_wconf 93' lang='lat' dir='ltr'><strong>Dei</strong></span> <span class='ocrx_word' id='word_1_192' title='bbox 1672 2149 1927 2207; x_wconf 90' lang='lat' dir='ltr'><strong>essentia</strong></span> <span class='ocrx_word' id='word_1_193' title='bbox 1982 2167 2100 2223; x_wconf 89' lang='lat' dir='ltr'><strong>qua</strong></span> 
     </span>
     <span class='ocr_line' id='line_1_23' title="bbox 131 2235 2100 2312; baseline 0.001 -19"><span class='ocrx_word' id='word_1_194' title='bbox 131 2237 270 2294; x_wconf 83' lang='lat' dir='ltr'><strong>talis.</strong></span> <span class='ocrx_word' id='word_1_195' title='bbox 354 2235 418 2294; x_wconf 92' lang='lat' dir='ltr'><strong>Si</strong></span> <span class='ocrx_word' id='word_1_196' title='bbox 460 2235 622 2295; x_wconf 90' lang='lat' dir='ltr'><strong>enim</strong></span> <span class='ocrx_word' id='word_1_197' title='bbox 663 2235 792 2311; x_wconf 90' lang='lat' dir='ltr'><strong>ipsa</strong></span> <span class='ocrx_word' id='word_1_198' title='bbox 834 2235 952 2294; x_wconf 92' lang='lat' dir='ltr'><strong>Dei</strong></span> <span class='ocrx_word' id='word_1_199' title='bbox 995 2237 1280 2307; x_wconf 86' lang='lat' dir='ltr'><strong>essentia,</strong></span> <span class='ocrx_word' id='word_1_200' title='bbox 1332 2246 1623 2310; x_wconf 88' lang='lat' dir='ltr'><strong>quatenus</strong></span> <span class='ocrx_word' id='word_1_201' title='bbox 1666 2246 1755 2295; x_wconf 91' lang='lat' dir='ltr'><strong>est</strong></span> <span class='ocrx_word' id='word_1_202' title='bbox 1795 2238 2100 2312; x_wconf 87' lang='lat' dir='ltr'><strong>exemplar</strong></span> 
     </span>
     <span class='ocr_line' id='line_1_24' title="bbox 132 2324 2099 2396; baseline 0.001 -13"><span class='ocrx_word' id='word_1_203' title='bbox 132 2324 390 2385; x_wconf 90' lang='lat' dir='ltr'><strong>omnium</strong></span> <span class='ocrx_word' id='word_1_204' title='bbox 431 2343 657 2396; x_wconf 88' lang='lat' dir='ltr'><strong>rerum,</strong></span> <span class='ocrx_word' id='word_1_205' title='bbox 711 2335 866 2384; x_wconf 89' lang='lat' dir='ltr'><strong>esset</strong></span> <span class='ocrx_word' id='word_1_206' title='bbox 908 2324 1059 2383; x_wconf 82' lang='lat' dir='ltr'><strong>ratio</strong></span> <span class='ocrx_word' id='word_1_207' title='bbox 1103 2324 1401 2383; x_wconf 89' lang='lat' dir='ltr'><strong>sufficiens</strong></span> <span class='ocrx_word' id='word_1_208' title='bbox 1444 2325 1685 2384; x_wconf 88' lang='lat' dir='ltr'><strong>actualis</strong></span> <span class='ocrx_word' id='word_1_209' title='bbox 1727 2326 2099 2385; x_wconf 86' lang='lat' dir='ltr'><strong>exsistentiae</strong></span> 
     </span>
     <span class='ocr_line' id='line_1_25' title="bbox 132 2413 2095 2489; baseline 0.002 -18"><span class='ocrx_word' id='word_1_210' title='bbox 132 2433 319 2473; x_wconf 89' lang='lat' dir='ltr'><strong>rerum</strong></span> <span class='ocrx_word' id='word_1_211' title='bbox 361 2414 699 2486; x_wconf 87' lang='lat' dir='ltr'><strong>actualium,</strong></span> <span class='ocrx_word' id='word_1_212' title='bbox 743 2414 948 2472; x_wconf 90' lang='lat' dir='ltr'><strong>omnia</strong></span> <span class='ocrx_word' id='word_1_213' title='bbox 989 2413 1299 2489; x_wconf 89' lang='lat' dir='ltr'><strong>possibilia</strong></span> <span class='ocrx_word' id='word_1_214' title='bbox 1338 2432 1535 2488; x_wconf 91' lang='lat' dir='ltr'><strong>aequo</strong></span> <span class='ocrx_word' id='word_1_215' title='bbox 1577 2416 1701 2473; x_wconf 92' lang='lat' dir='ltr'><strong>iure</strong></span> <span class='ocrx_word' id='word_1_216' title='bbox 1732 2414 2095 2474; x_wconf 86' lang='lat' dir='ltr'><strong>exsisterent.</strong></span> 
     </span>
     <span class='ocr_line' id='line_1_26' title="bbox 133 2504 2099 2579; baseline 0.002 -20"><span class='ocrx_word' id='word_1_217' title='bbox 133 2504 464 2563; x_wconf 88' lang='lat' dir='ltr'><strong>Dicendum</strong></span> <span class='ocrx_word' id='word_1_218' title='bbox 507 2514 596 2562; x_wconf 86' lang='lat' dir='ltr'><strong>est</strong></span> <span class='ocrx_word' id='word_1_219' title='bbox 637 2522 783 2579; x_wconf 91' lang='lat' dir='ltr'><strong>ergo</strong></span> <span class='ocrx_word' id='word_1_220' title='bbox 823 2504 884 2561; x_wconf 93' lang='lat' dir='ltr'><strong>in</strong></span> <span class='ocrx_word' id='word_1_221' title='bbox 928 2506 1064 2561; x_wconf 90' lang='lat' dir='ltr'><strong>Deo</strong></span> <span class='ocrx_word' id='word_1_222' title='bbox 1105 2504 1430 2574; x_wconf 89' lang='lat' dir='ltr'><strong>rationem,</strong></span> <span class='ocrx_word' id='word_1_223' title='bbox 1488 2523 1607 2578; x_wconf 90' lang='lat' dir='ltr'><strong>qua</strong></span> <span class='ocrx_word' id='word_1_224' title='bbox 1662 2504 1911 2562; x_wconf 90' lang='lat' dir='ltr'><strong>actualia</strong></span> <span class='ocrx_word' id='word_1_225' title='bbox 1965 2516 2099 2563; x_wconf 87' lang='lat' dir='ltr'><strong>sunt</strong></span> 
     </span>
     <span class='ocr_line' id='line_1_27' title="bbox 133 2592 2097 2664; baseline 0.002 -16"><span class='ocrx_word' id='word_1_226' title='bbox 133 2593 404 2664; x_wconf 87' lang='lat' dir='ltr'><strong>actualia,</strong></span> <span class='ocrx_word' id='word_1_227' title='bbox 469 2610 599 2651; x_wconf 91' lang='lat' dir='ltr'><strong>esse</strong></span> <span class='ocrx_word' id='word_1_228' title='bbox 655 2592 907 2651; x_wconf 89' lang='lat' dir='ltr'><strong>liberum</strong></span> <span class='ocrx_word' id='word_1_229' title='bbox 962 2592 1271 2651; x_wconf 88' lang='lat' dir='ltr'><strong>decretum</strong></span> <span class='ocrx_word' id='word_1_230' title='bbox 1326 2592 1642 2652; x_wconf 84' lang='lat' dir='ltr'><strong>voluntatis</strong></span> <span class='ocrx_word' id='word_1_231' title='bbox 1702 2593 1939 2652; x_wconf 89' lang='lat' dir='ltr'><strong>divinae</strong></span> <span class='ocrx_word' id='word_1_232' title='bbox 2000 2594 2097 2652; x_wconf 90' lang='lat' dir='ltr'><strong>de·</strong></span> 
     </span>
     <span class='ocr_line' id='line_1_28' title="bbox 133 2680 2095 2758; baseline 0.002 -20"><span class='ocrx_word' id='word_1_233' title='bbox 133 2682 494 2740; x_wconf 89' lang='lat' dir='ltr'><strong>terminantis</strong></span> <span class='ocrx_word' id='word_1_234' title='bbox 535 2681 654 2739; x_wconf 86' lang='lat' dir='ltr'><strong>alia</strong></span> <span class='ocrx_word' id='word_1_235' title='bbox 695 2680 1002 2758; x_wconf 90' lang='lat' dir='ltr'><strong>possibilia</strong></span> <span class='ocrx_word' id='word_1_236' title='bbox 1043 2680 1369 2754; x_wconf 88' lang='lat' dir='ltr'><strong>aliquando</strong></span> <span class='ocrx_word' id='word_1_237' title='bbox 1398 2683 1591 2739; x_wconf 89' lang='lat' dir='ltr'><strong>futura</strong></span> <span class='ocrx_word' id='word_1_238' title='bbox 1617 2700 1764 2755; x_wconf 89' lang='lat' dir='ltr'><strong>esse,</strong></span> <span class='ocrx_word' id='word_1_239' title='bbox 1810 2682 1925 2740; x_wconf 88' lang='lat' dir='ltr'><strong>alia</strong></span> <span class='ocrx_word' id='word_1_240' title='bbox 1952 2700 2095 2741; x_wconf 85' lang='lat' dir='ltr'><strong>non.</strong></span> 
     </span>
     <span class='ocr_line' id='line_1_29' title="bbox 133 2769 2096 2842; baseline 0.002 -16"><span class='ocrx_word' id='word_1_241' title='bbox 133 2770 380 2830; x_wconf 88' lang='lat' dir='ltr'><strong>Proinde</strong></span> <span class='ocrx_word' id='word_1_242' title='bbox 423 2772 592 2829; x_wconf 89' lang='lat' dir='ltr'><strong>Deus</strong></span> <span class='ocrx_word' id='word_1_243' title='bbox 648 2770 810 2828; x_wconf 89' lang='lat' dir='ltr'><strong>videt</strong></span> <span class='ocrx_word' id='word_1_244' title='bbox 862 2769 926 2827; x_wconf 92' lang='lat' dir='ltr'><strong>in</strong></span> <span class='ocrx_word' id='word_1_245' title='bbox 981 2788 1088 2828; x_wconf 88' lang='lat' dir='ltr'><strong>sua</strong></span> <span class='ocrx_word' id='word_1_246' title='bbox 1141 2769 1399 2828; x_wconf 90' lang='lat' dir='ltr'><strong>essentia</strong></span> <span class='ocrx_word' id='word_1_247' title='bbox 1453 2770 1655 2828; x_wconf 88' lang='lat' dir='ltr'><strong>omnia</strong></span> <span class='ocrx_word' id='word_1_248' title='bbox 1695 2772 1917 2842; x_wconf 89' lang='lat' dir='ltr'><strong>futura,</strong></span> <span class='ocrx_word' id='word_1_249' title='bbox 1973 2790 2096 2829; x_wconf 92' lang='lat' dir='ltr'><strong>non</strong></span> 
     </span>
     <span class='ocr_line' id='line_1_30' title="bbox 133 2858 2097 2936; baseline 0.001 -19"><span class='ocrx_word' id='word_1_250' title='bbox 133 2869 412 2933; x_wconf 88' lang='lat' dir='ltr'><strong>quatenus</strong></span> <span class='ocrx_word' id='word_1_251' title='bbox 455 2859 714 2918; x_wconf 88' lang='lat' dir='ltr'><strong>essentia</strong></span> <span class='ocrx_word' id='word_1_252' title='bbox 755 2869 873 2931; x_wconf 91' lang='lat' dir='ltr'><strong>est,</strong></span> <span class='ocrx_word' id='word_1_253' title='bbox 931 2858 1037 2917; x_wconf 91' lang='lat' dir='ltr'><strong>sed</strong></span> <span class='ocrx_word' id='word_1_254' title='bbox 1080 2870 1371 2933; x_wconf 88' lang='lat' dir='ltr'><strong>quatenus</strong></span> <span class='ocrx_word' id='word_1_255' title='bbox 1414 2870 1503 2917; x_wconf 90' lang='lat' dir='ltr'><strong>est</strong></span> <span class='ocrx_word' id='word_1_256' title='bbox 1558 2859 1950 2919; x_wconf 87' lang='lat' dir='ltr'><strong>determinata</strong></span> <span class='ocrx_word' id='word_1_257' title='bbox 1990 2880 2097 2936; x_wconf 91' lang='lat' dir='ltr'><strong>per</strong></span> 
     </span>
     <span class='ocr_line' id='line_1_31' title="bbox 133 2947 2098 3008; baseline 0.003 -5"><span class='ocrx_word' id='word_1_258' title='bbox 133 2947 371 3007; x_wconf 90' lang='lat' dir='ltr'><strong>liberum</strong></span> <span class='ocrx_word' id='word_1_259' title='bbox 431 2949 742 3007; x_wconf 88' lang='lat' dir='ltr'><strong>decretum</strong></span> <span class='ocrx_word' id='word_1_260' title='bbox 801 2947 1041 3007; x_wconf 90' lang='lat' dir='ltr'><strong>divinae</strong></span> <span class='ocrx_word' id='word_1_261' title='bbox 1101 2948 1417 3006; x_wconf 86' lang='lat' dir='ltr'><strong>voluntatis</strong></span> <span class='ocrx_word' id='word_1_262' title='bbox 1476 2948 1923 3007; x_wconf 88' lang='lat' dir='ltr'><strong>determinantis</strong></span> <span class='ocrx_word' id='word_1_263' title='bbox 1985 2952 2098 3008; x_wconf 88' lang='lat' dir='ltr'><strong>alia</strong></span> 
     </span>
     <span class='ocr_line' id='line_1_32' title="bbox 133 3034 1560 3113; baseline 0.001 -18"><span class='ocrx_word' id='word_1_264' title='bbox 133 3038 424 3113; x_wconf 90' lang='lat' dir='ltr'><strong>possibilia</strong></span> <span class='ocrx_word' id='word_1_265' title='bbox 468 3037 794 3112; x_wconf 88' lang='lat' dir='ltr'><strong>aliquando</strong></span> <span class='ocrx_word' id='word_1_266' title='bbox 837 3038 1219 3109; x_wconf 85' lang='lat' dir='ltr'><strong>futuraesse,</strong></span> <span class='ocrx_word' id='word_1_267' title='bbox 1266 3034 1381 3094; x_wconf 90' lang='lat' dir='ltr'><strong>alia</strong></span> <span class='ocrx_word' id='word_1_268' title='bbox 1421 3055 1560 3097; x_wconf 90' lang='lat' dir='ltr'><strong>non.</strong></span> 
     </span>
    </p>

    <p class='ocr_par' dir='ltr' id='par_1_5' title="bbox 135 3125 2097 3291">
     <span class='ocr_line' id='line_1_33' title="bbox 244 3125 2097 3202; baseline 0.002 -18"><span class='ocrx_word' id='word_1_269' title='bbox 244 3128 415 3202; x_wconf 86' lang='lat' dir='ltr'><strong>Quae</strong></span> <span class='ocrx_word' id='word_1_270' title='bbox 459 3144 598 3185; x_wconf 88' lang='lat' dir='ltr'><strong>cum</strong></span> <span class='ocrx_word' id='word_1_271' title='bbox 639 3126 720 3184; x_wconf 89' lang='lat' dir='ltr'><strong>ita</strong></span> <span class='ocrx_word' id='word_1_272' title='bbox 748 3126 880 3199; x_wconf 89' lang='lat' dir='ltr'><strong>sint,</strong></span> <span class='ocrx_word' id='word_1_273' title='bbox 926 3125 1044 3185; x_wconf 91' lang='lat' dir='ltr'><strong>Dei</strong></span> <span class='ocrx_word' id='word_1_274' title='bbox 1072 3125 1498 3201; x_wconf 88' lang='lat' dir='ltr'><strong>cognitionem,</strong></span> <span class='ocrx_word' id='word_1_275' title='bbox 1544 3145 1661 3202; x_wconf 91' lang='lat' dir='ltr'><strong>qua</strong></span> <span class='ocrx_word' id='word_1_276' title='bbox 1691 3128 1883 3186; x_wconf 90' lang='lat' dir='ltr'><strong>futura</strong></span> <span class='ocrx_word' id='word_1_277' title='bbox 1910 3130 2097 3188; x_wconf 90' lang='lat' dir='ltr'><strong>libera</strong></span> 
     </span>
     <span class='ocr_line' id='line_1_34' title="bbox 135 3215 1424 3291; baseline 0 -18"><span class='ocrx_word' id='word_1_278' title='bbox 135 3216 432 3291; x_wconf 90' lang='lat' dir='ltr'><strong>conspicit,</strong></span> <span class='ocrx_word' id='word_1_279' title='bbox 479 3215 698 3274; x_wconf 89' lang='lat' dir='ltr'><strong>eodem</strong></span> <span class='ocrx_word' id='word_1_280' title='bbox 740 3216 926 3274; x_wconf 92' lang='lat' dir='ltr'><strong>modo</strong></span> <span class='ocrx_word' id='word_1_281' title='bbox 968 3215 1053 3273; x_wconf 91' lang='lat' dir='ltr'><strong>sic</strong></span> <span class='ocrx_word' id='word_1_282' title='bbox 1095 3215 1424 3290; x_wconf 86' lang='lat' dir='ltr'><strong>explicant:</strong></span> 
     </span>
    </p>

    <p class='ocr_par' dir='ltr' id='par_1_6' title="bbox 135 3304 2099 3469">
     <span class='ocr_line' id='line_1_35' title="bbox 241 3304 2099 3379; baseline 0.001 -16"><span class='ocrx_word' id='word_1_283' title='bbox 241 3307 474 3364; x_wconf 80' lang='lat' dir='ltr'><strong>Futura</strong></span> <span class='ocrx_word' id='word_1_284' title='bbox 513 3305 695 3363; x_wconf 79' lang='lat' dir='ltr'><strong>libera</strong></span> <span class='ocrx_word' id='word_1_285' title='bbox 735 3306 1009 3373; x_wconf 81' lang='lat' dir='ltr'><strong>absoluta,</strong></span> <span class='ocrx_word' id='word_1_286' title='bbox 1053 3304 1279 3374; x_wconf 90' lang='lat' dir='ltr'><strong>dicunt,</strong></span> <span class='ocrx_word' id='word_1_287' title='bbox 1320 3307 1486 3363; x_wconf 91' lang='lat' dir='ltr'><strong>Deus</strong></span> <span class='ocrx_word' id='word_1_288' title='bbox 1514 3304 1823 3379; x_wconf 89' lang='lat' dir='ltr'><strong>cognoscit</strong></span> <span class='ocrx_word' id='word_1_289' title='bbox 1851 3306 2099 3365; x_wconf 90' lang='lat' dir='ltr'><strong>scientia</strong></span> 
     </span>
     <span class='ocr_line' id='line_1_36' title="bbox 135 3390 2095 3469; baseline 0.001 -18"><span class='ocrx_word' id='word_1_290' title='bbox 135 3394 360 3454; x_wconf 88' lang='lat' dir='ltr'><strong>visionis</strong></span> <span class='ocrx_word' id='word_1_291' title='bbox 402 3394 467 3451; x_wconf 90' lang='lat' dir='ltr'><strong>in</strong></span> <span class='ocrx_word' id='word_1_292' title='bbox 509 3390 628 3451; x_wconf 89' lang='lat' dir='ltr'><strong>suis</strong></span> <span class='ocrx_word' id='word_1_293' title='bbox 669 3392 953 3465; x_wconf 80' lang='lat' dir='ltr'><strong>decretiS,</strong></span> <span class='ocrx_word' id='word_1_294' title='bbox 1012 3394 1226 3468; x_wconf 90' lang='lat' dir='ltr'><strong>quibus</strong></span> <span class='ocrx_word' id='word_1_295' title='bbox 1267 3412 1379 3469; x_wconf 91' lang='lat' dir='ltr'><strong>pro</strong></span> <span class='ocrx_word' id='word_1_296' title='bbox 1422 3392 1632 3451; x_wconf 84' lang='lat' dir='ltr'><strong>talibus</strong></span> <span class='ocrx_word' id='word_1_297' title='bbox 1674 3394 1900 3452; x_wconf 90' lang='lat' dir='ltr'><strong>actibus</strong></span> <span class='ocrx_word' id='word_1_298' title='bbox 1958 3414 2095 3453; x_wconf 92' lang='lat' dir='ltr'><strong>con-</strong></span> 
     </span>
    </p>
   </div>
  </div>
 </body>
</html>
