2367 3850
268 221 334 258 22
706 221 1208 259 ANTHROPOLOGIA.
1272 221 1411 258 PARS
1450 221 1795 258 ANALYTICA.

265 387 434 428 secus
462 367 815 444 dependens
842 386 971 428 esse
1008 377 1218 445 potest.
1278 369 1427 427 Sunt
1466 367 1625 428 enim
1668 387 1779 438 reS,
1823 385 1979 442 quae
2020 367 2093 425 in
2123 368 2262 443 ipsa

265 475 370 517 sua
409 459 645 516 essentia
685 477 722 516 a
763 458 1009 516 materia
1049 467 1184 516 sunt
1236 457 1652 533 dependentes
1694 474 1769 517 eo
1812 474 1987 516 sensu
2000 501 2015 528 ,
2080 457 2259 532 quod

265 565 470 604 earum
512 546 766 605 essentia
822 556 1222 622 componatur
1272 564 1348 605 ex
1400 546 1650 604 materia
1704 556 1765 604 et
1818 546 2008 604 forma
2064 556 2137 604 ut
2178 564 2257 604 ex

263 633 573 711 principiis
613 636 709 694 vel
751 635 1061 694 elementis
1101 634 1273 693 huius
1315 633 1606 694 essentiae
1653 633 2057 693 constitutivis,
2154 635 2257 693 Sic

264 723 592 782 materialia
655 735 789 782 sunt
844 723 1045 782 omnia
1102 733 1340 800 corpora
1354 769 1372 793 ,
1435 723 1557 782 sive
1624 722 1884 783 viventia
1936 723 2060 782 sive
2122 742 2255 782 non

264 811 538 872 viventia.
610 813 783 872 Aliae
826 831 969 872 vero
999 822 1133 872 sunt
1173 831 1286 885 res,
1332 831 1582 888 quarum
1623 813 1877 872 essentia
1918 832 1953 870 a
1994 814 2256 872 materia

267 912 358 960 est
397 901 690 973 immunis,
734 921 809 961 eo
840 902 1003 978 quod
1032 902 1147 961 sint
1174 901 1432 977 formae,
1477 903 1558 961 ita
1584 911 1787 960 tamen
1827 912 1891 960 ut
1930 921 1966 959 a
1994 903 2254 961 materia

267 989 382 1050 sint
423 991 836 1067 dependentes
863 991 925 1049 in
968 1011 1072 1050 sua
1111 994 1454 1050 exsistentia.
1528 992 1742 1068 Neque
1771 990 1931 1050 enim
1960 989 2251 1050 exsistere

266 1090 516 1157 possunt
567 1081 687 1139 ullo
728 1080 912 1139 modo
954 1081 1067 1140 nisi
1113 1082 1175 1138 in
1219 1080 1642 1140 coniunctione
1696 1079 2060 1140 substantiali
2108 1099 2252 1140 cum

265 1170 529 1228 materia.
613 1171 866 1228 Formae
908 1169 1162 1246 proinde
1206 1172 1340 1230 illae
1383 1181 1517 1229 sunt
1572 1169 1907 1230 materiales
1954 1187 2027 1228 ex
2066 1179 2246 1245 parte

267 1258 673 1318 exsistentiae:
729 1259 1006 1317 exsistere
1048 1276 1173 1317 non
1234 1270 1481 1336 possunt
1536 1260 1648 1317 nisi
1690 1269 1752 1317 ut
1793 1257 2087 1335 principia
2135 1259 2252 1318 sor·

267 1347 445 1406 malia
484 1366 683 1406 rerum
711 1347 1129 1424 corporalium.
1203 1347 1549 1407 Cuiusmodi
1584 1358 1718 1407 sunt
1759 1348 1987 1406 formae
2029 1366 2246 1407 omnes

267 1436 680 1510 mineralium3
748 1437 942 1496 taliter
1000 1455 1245 1513 quoque
1304 1436 1400 1496 hic
1460 1437 1877 1496 contendimus
1936 1437 2245 1496 materiale

269 1543 398 1585 esse
438 1525 799 1602 principium
843 1527 1090 1586 formale
1133 1525 1551 1602 vegetantium.

386 1615 623 1674 Veritas
659 1623 856 1674 autem
882 1615 1052 1674 huius
1093 1615 1434 1674 assertionis
1475 1625 1640 1693 patet
1680 1633 1753 1674 ex
1779 1614 1867 1687 iis,
1914 1633 2067 1690 quae
2095 1615 2243 1673 dixi-

267 1723 397 1763 mus
441 1704 599 1763 circa
641 1715 912 1762 naturam
952 1706 1370 1780 operationum
1411 1705 1678 1764 omnium
1718 1703 2103 1780 vegetalium,
2168 1723 2240 1764 ex

269 1793 484 1869 quibus
524 1794 686 1851 nulla
711 1811 993 1868 umquam
1021 1795 1337 1853 observata
1376 1805 1481 1866 est,
1528 1812 1680 1869 quae
1714 1813 1750 1851 a
1778 1792 2239 1869 proprietatibus

271 1882 670 1942 materialibus
712 1880 786 1941 sit
824 1881 1116 1943 immunis.
1188 1882 1550 1959 Principium
1590 1881 1846 1960 proinde
1879 1900 2083 1941 earum
2124 1883 2240 1942 for-

268 1974 424 2031 male
476 1971 957 2049 independenter
1011 1992 1047 2030 a
1100 1973 1349 2031 materia
1403 1992 1515 2030 non
1573 1975 1709 2045 agit.
1795 1972 1977 2031 Unde
2034 1990 2237 2048 neque

268 2061 749 2138 independenter
789 2080 825 2119 a
866 2062 1114 2120 materia
1161 2062 1355 2138 ipsam
1412 2080 1525 2120 esse
1578 2080 1753 2137 posse
1800 2063 1892 2120 vel
1936 2061 2235 2133 exsistere,

268 2161 429 2210 recte
473 2150 787 2226 quisquam
828 2150 1123 2209 affirmare
1158 2159 1374 2227 potest.

389 2276 680 2325 Scholion.
761 2268 807 2325 Ι.
852 2265 1217 2341 Principium
1247 2266 1495 2324 formale
1525 2264 1793 2341 corporis
1820 2262 2072 2323 viventis
2098 2264 2239 2325 dici-

268 2366 361 2415 tur
403 2364 608 2425 anima,
671 2374 823 2431 quae
878 2356 1134 2431 proinde
1175 2365 1339 2414 recte
1384 2354 1661 2413 definitur
1702 2364 1765 2412 ut
1805 2354 1906 2412 sit:
1961 2355 2239 2431 «primum

256 2446 606 2521 principium
648 2447 934 2503 internum
973 2446 1125 2503 vitae
1167 2445 1514 2502 substantiae
1568 2445 1806 2502 viventis·
1845 2451 2176 2519 corporeae»
2207 2445 2238 2502 ¹.

268 2532 491 2593 Anima
544 2533 800 2610 proinde
856 2534 1050 2592 omnis
1105 2544 1195 2592 est
1248 2534 1441 2592 forma
1499 2531 1859 2604 informanS,
1924 2550 2042 2608 qua
2098 2544 2241 2591 nota

269 2622 643 2699 distinguitur
684 2643 721 2682 a
763 2623 967 2681 formis
1014 2623 1317 2699 separatis,
1360 2634 1503 2701 puta
1540 2641 1576 2680 a
1605 2623 1796 2681 forma
1823 2622 2039 2697 angeli,
2084 2641 2239 2699 quae

271 2723 358 2772 est
385 2712 744 2788 principium
775 2712 1017 2788 quidem
1058 2712 1357 2771 internum
1398 2713 1571 2783 vitae,
1615 2712 1723 2770 sed
1749 2728 1873 2769 non
1914 2710 1977 2769 in
2004 2710 2240 2770 vivente

270 2819 583 2877 corporeo,
643 2803 951 2875 Quatenus
980 2819 1122 2860 vero
1161 2811 1249 2860 est
1276 2801 1633 2877 principium
1660 2800 1831 2872 vitae,
1868 2800 2244 2876 distinguitur

269 2910 306 2949 a
333 2890 538 2950 formis
565 2891 1020 2949 informantibus
1046 2890 1443 2963 inferioribus,
1473 2890 1509 2948 i.
1542 2908 1593 2949 e.
1624 2910 1660 2949 a
1688 2888 1892 2949 formis
1920 2907 2242 2967 corporum

271 2978 787 3055 anorganicorum.

390 3071 464 3126 II.
509 3068 872 3144 Principium
913 3069 1094 3127 totale
1137 3070 1231 3127 vel
1269 3070 1632 3145 completum
1668 3068 1823 3127 vitae
1852 3068 2241 3143 vegetativae‚

271 3157 380 3216 etsi
423 3168 511 3216 est
552 3177 726 3214 unum
775 3158 871 3216 vel
912 3158 1233 3227 indivisum,
1290 3168 1378 3217 est
1426 3168 1627 3217 tamen
1676 3158 1948 3217 divisibile
1961 3203 1979 3227 ,
2036 3166 2243 3235 utpote

271 3246 666 3322 compositum
707 3266 779 3306 ex
821 3246 1069 3305 materia
1097 3257 1157 3305 et
1186 3247 1395 3306 forma.
1468 3250 1544 3306 Et
1573 3266 1636 3307 re
1666 3247 1909 3323 quidem
1946 3265 2089 3305 vera
2119 3266 2246 3305 cor-

399 3405 414 3436 ¹
453 3406 682 3466 Boedder,
723 3405 1058 3470 Psychologia
1093 3415 1185 3454 rat.
1230 3403 1337 3468 (ed.
1377 3404 1433 3468 2)
1474 3424 1523 3470 p.
1570 3419 1613 3455 1.
