2367 3850
252 231 353 284 354
852 233 1085 270 ETch.
1144 231 1282 269 »Ans
1324 231 1624 270 smmum&

367 382 473 438 111.
532 381 652 439 Sed
695 380 901 456 quaeri
942 390 1167 456 potest,
1223 389 1419 438 utrum
1473 377 1732 456 principi
1773 379 2076 454 tyrannice
2139 397 2264 454 po-

246 479 457 528 testate
498 487 604 528 sua
644 469 907 528 abutenti
949 469 1167 528 subditi
1209 469 1506 527 oboedire
1545 468 1836 538 debeant,
1889 487 1972 526 an
2029 467 2260 526 eidem

246 560 519 618 resistere
558 558 803 636 possint,
846 559 1032 618 immo
1074 558 1356 617 debeant.

378 649 685 723 Yjaerannus
702 658 900 706 autem
920 647 1135 705 dicitur
1157 646 1458 722 princepS,
1489 645 1594 721 qui
1621 664 1900 722 suprema
1929 663 2036 703 sua
2067 656 2258 721 pote-

247 747 395 796 state
424 735 681 795 abutitur
707 755 822 813 pro
856 737 1104 812 proprio
1132 735 1460 794 commodo
1487 734 1705 809 iniquis
1733 753 1949 810 regens
1975 734 2252 810 legibus,

368 829 494 884 Iam
554 843 699 885 vero
758 827 819 883 in
888 827 1005 883 hac
1063 835 1183 884 tam
1246 825 1552 883 salebrosa
1611 823 1962 898 quaestione
2021 824 2250 882 variae

246 926 379 974 sunt
420 933 575 990 quae
618 933 655 972 a
694 913 1081 990 scriptoribus
1120 914 1456 972 referuntur
1481 913 1830 972 sententiae.
1888 913 2072 971 Unde
2115 931 2247 988 pro

246 1022 493 1062 munere
533 1015 740 1062 nostro
782 1002 919 1062 satis
960 1002 1101 1074 erit,
1156 1020 1232 1060 ex
1271 1001 1342 1060 iis
1395 1002 1704 1073 omnibus,
1763 1019 1916 1076 quae
1961 1002 2040 1060 ab
2085 1001 2246 1077 ipsis

245 1103 457 1152 statuta
485 1104 635 1164 sunt,
678 1111 753 1151 ea
780 1103 1007 1151 tantum
1035 1091 1296 1151 breviter
1322 1092 1631 1163 rettulisse,
1663 1109 1820 1166 quae
1847 1092 1940 1150 vel
1971 1090 2242 1148 omnino

246 1194 411 1242 certa
448 1183 543 1241 vel
586 1181 997 1241 verisimiliora
1037 1198 1167 1240 esse
1209 1181 1501 1240 videntur.

366 1270 663 1346 Imprimis
704 1281 899 1328 autem
938 1270 1270 1328 notandum
1299 1279 1388 1327 est
1415 1268 1712 1344 triplicem
1739 1267 2019 1343 distingui
2045 1286 2240 1344 posse

246 1359 653 1418 resistentiam.
712 1361 819 1417 Est
859 1357 1051 1417 enim:
1105 1379 1154 1417 1.
1199 1357 1531 1416 resistentia
1558 1358 1817 1434 passiva,
1861 1374 2015 1432 quae
2057 1375 2238 1416 mere

246 1449 307 1507 in
348 1447 884 1507 non-oboediendo
928 1447 1232 1521 consistitz,
1277 1467 1329 1505 2.
1361 1446 1695 1505 resistentia
1733 1448 1919 1504 activa
1960 1466 2074 1504 non
2115 1449 2238 1506 vio-

245 1539 431 1606 lenta,
493 1555 611 1612 qua
665 1536 1024 1595 adhibentur
1077 1536 1277 1595 media
1331 1535 1594 1610 legitima
1652 1535 1731 1593 ad
1785 1535 1947 1611 leges
1990 1535 2236 1612 iniquas

246 1625 642 1685 removendas
669 1627 763 1684 vel
792 1624 1170 1700 tyrannidem
1200 1625 1604 1696 evertendam,
1633 1645 1690 1683 v.
1719 1642 1776 1699 g.
1807 1625 1958 1695 libri,
2000 1626 2235 1683 contio-

246 1733 369 1786 neS,
400 1714 719 1790 petitiones
747 1724 899 1789 ete.;
928 1733 982 1790 3.
1015 1713 1347 1773 resistentia
1374 1715 1568 1772 activa·
1587 1715 1834 1772 violenta
1859 1731 1955 1771 seu
1973 1721 2229 1772 armata.

366 1804 598 1876 Quibus
640 1804 1021 1878 praenotatiS,
1064 1804 1218 1862 haec
1260 1803 1575 1862 statuenda
1616 1820 1748 1862 esse
1787 1802 2097 1862 videntur:

372 1914 419 1952 1.
466 1893 709 1951 Certum
736 1903 827 1953 est
853 1910 978 1952 non
1008 1893 1200 1952 solum
1229 1893 1469 1963 licitam,
1502 1892 1608 1952 sed
1637 1891 1816 1952 etiam
1833 1904 2224 1970 praeceptam

246 2001 373 2041 esse
417 1983 809 2041 resistentiam
840 1984 1154 2058 passivam,
1201 1983 1435 2058 quoties
1476 1994 1759 2058 tyrannus
1800 1983 2031 2057 aliquid
2057 2002 2228 2059 prae-

246 2072 406 2146 cipit,
454 2072 618 2146 quod
658 2071 767 2129 iuri
810 2072 1062 2130 naturali
1102 2074 1200 2131 vel
1242 2072 1446 2130 divino
1489 2071 1849 2131 contrarium
1892 2083 1998 2131 est.
2071 2074 2230 2131 Auc-

244 2160 447 2218 toritas
487 2160 649 2218 enim
693 2160 977 2236 principis
1017 2161 1353 2219 auctoritati
1394 2161 1632 2219 divinae
1673 2161 1973 2219 contraria
2028 2173 2228 2220 aucto-

246 2250 382 2308 ritas
423 2251 584 2307 nulla
625 2260 742 2308 est:
788 2260 951 2325 patet
994 2268 1068 2309 ex
1109 2250 1284 2309 dictis
1327 2251 1488 2309 circa
1517 2250 1810 2325 originem
1840 2250 2226 2309 auctoritatis

370 2360 419 2397 2.
464 2342 614 2397 Item
659 2347 885 2397 certum
924 2350 1013 2398 est
1041 2339 1433 2399 resistentiam
1463 2340 1717 2397 activam
1745 2358 1870 2397 non
1897 2339 2226 2399 violentam

244 2428 465 2486 licitam
508 2445 637 2487 esse
680 2439 889 2486 contra
930 2428 1211 2487 iniustum
1253 2428 1523 2505 regimen
1563 2429 1820 2504 tyranni.
1875 2430 2020 2487 Hoc
2063 2432 2228 2488 enim

243 2516 305 2574 in
348 2534 489 2575 casu
530 2516 748 2575 subditi
803 2527 1040 2576 utuntur
1093 2518 1224 2576 iure
1277 2519 1356 2577 ab
1414 2518 1546 2593 ipsa
1603 2516 1956 2577 auctoritate
2009 2519 2228 2579 iisdem

247 2623 556 2663 concessa

366 2714 420 2769 3.
477 2694 821 2753 Violentam
863 2714 1006 2754 vero
1055 2694 1447 2755 resistentiam
1506 2696 1670 2771 quod
1727 2696 1934 2755 attinet
1950 2741 1966 2768 ,
2023 2696 2228 2756 distin-

244 2783 545 2859 guendum
588 2793 704 2842 est:
1620 2771 1632 2778 ’

365 2867 421 2947 a)
480 2872 541 2931 Si
594 2873 943 2948 tyrannicus
999 2875 1306 2949 potestatis
1356 2875 1570 2932 abusus
1621 2893 1734 2932 non
1775 2881 1858 2931 cst
1893 2877 2224 2945 excessivus,

245 2972 515 3020 auctores
570 2970 777 3020 tenent
830 2982 955 3021 non
1010 2963 1193 3022 licere
1250 2974 1460 3022 contra
1528 2974 1844 3039 tyrannum
1912 2962 2225 3042 insurgere

244 3050 573 3108 resistentia
601 3050 877 3111 violenta.
938 3053 1095 3110 Nam
1124 3052 1417 3111 eiusmodi
1459 3052 1826 3123 insurrectiO,
1867 3054 2053 3126 aiunt,
2099 3054 2226 3113 fere

244 3157 481 3214 semper
522 3138 798 3214 graviora
839 3142 996 3199 mala
1038 3159 1241 3201 secum
1286 3144 1400 3201 fert
1442 3160 1624 3217 quam
1663 3142 1949 3218 tyranniS,
1995 3143 2046 3201 si
2075 3145 2228 3203 haec

243 3246 371 3285 non
412 3238 501 3285 est
542 3230 861 3287 excessiva.

363 3310 426 3387 b)
486 3314 546 3371 Si
602 3319 879 3374 excessiva
933 3328 1021 3376 est
1038 3364 1053 3389 ,
1111 3317 1241 3377 talis
1295 3320 1523 3379 scilicet
1537 3366 1552 3392 ,
1608 3330 1672 3377 ut
1725 3337 1863 3379 cum
1905 3322 2228 3382 sufficienti

245 3416 439 3456 rerum
482 3400 897 3475 tranquillitate
939 3416 1092 3465 stare
1136 3425 1261 3465 non
1304 3408 1506 3483 possit,
1545 3419 1720 3469 tunc:
