2367 3850
661 195 742 230 DE
782 195 1170 232 ΑιωυΜΕΝΊ-ῐε
1214 197 1566 234 ueniamus,
2020 185 2115 249 185

216 340 334 400 Sed
367 343 507 400 talis
549 343 650 400 lex
690 344 966 418 supponit
1017 345 1413 402 exsistentiam
1469 345 1815 418 legoeslatorts
1854 347 2121 420 supremi,

95 431 384 488 absolutae
427 438 486 488 et
523 431 795 507 infinitae
836 433 1219 490 auctoritatis.

224 548 272 585 1.
331 527 644 604 Supponit
685 528 1103 602 legislatorem,
1147 529 1186 588 i.
1234 547 1287 589 e.
1334 531 1563 606 aliquid
1606 533 1701 590 vel
1746 531 2041 606 aliquem,
2088 551 2124 588 a

97 634 220 691 quo
261 616 492 675 oriatur
533 616 638 674 illa
681 617 996 693 obligatiO.
1085 621 1230 677 Hoc
1274 619 1529 679 evidens
1578 631 1698 691 est,
1756 620 1905 678 nihil
1962 619 2125 678 enim

95 704 224 764 sine
265 706 508 765 ratione
553 706 895 766 sufficienti.

219 823 271 862 2.
317 803 631 880 Supponit
671 805 1102 880 legislatorem,
1149 826 1191 863 a
1232 806 1528 865 voluntate
1562 814 1763 864 nostra
1803 806 2125 864 distinctum

93 894 308 968 ipsique
347 895 724 969 superiorem.
814 894 1101 970 Sequitur
1143 913 1220 954 ex
1263 913 1359 967 e0,
1404 895 1573 970 quod
1614 894 1922 954 dictamen
1980 893 2126 953 illud

97 981 513 1041 conscientiae
559 984 723 1041 clare
766 983 1172 1059 perspicimus
1215 994 1280 1042 ut
1322 985 1661 1052 absolutum,
1705 1003 1742 1041 a
1778 993 1985 1042 nostra
2028 1001 2126 1042 vo-

95 1071 318 1129 luntate
383 1070 643 1130 minime
707 1071 990 1148 pendens
1007 1117 1022 1143 ,
1085 1072 1197 1131 sed
1258 1071 1456 1148 ipsam
1517 1089 1737 1146 regens
1798 1082 1859 1130 et
1918 1072 2125 1145 ligans.

97 1160 315 1218 Nostra
360 1169 571 1220 autem
614 1161 896 1220 voluntas
925 1179 990 1220 se
1021 1160 1220 1237 ipsam
1249 1161 1525 1220 absolute
1556 1160 1743 1234 ligare
1773 1178 1901 1219 non
1930 1169 2129 1236 potest

95 1266 294 1324 neque
338 1249 458 1308 sibi
501 1248 622 1325 ipsi
663 1249 985 1326 imperare.

215 1365 268 1422 3.
315 1347 618 1422 Denique
661 1347 952 1423 supponit
995 1346 1408 1424 legislatorem
1437 1349 1731 1406 absolutae
1771 1356 1827 1405 et
1864 1347 2127 1423 infinitae

95 1438 473 1494 auctoritatis.
537 1435 724 1494 Ratio
755 1436 919 1494 enim
955 1436 1266 1495 sufficiens
1292 1436 1467 1495 huius
1495 1438 1829 1513 imperativi
1864 1435 2124 1502 absoluti,

99 1527 332 1595 aeterni,
378 1526 761 1583 immutabilis
804 1543 932 1584 non
963 1535 1168 1601 potest
1196 1525 1457 1584 inveniri
1488 1525 1550 1582 in
1582 1526 1703 1583 ullo
1734 1535 1873 1584 ente
1904 1533 2125 1594 creat0‚

99 1615 259 1688 quod
301 1633 379 1674 ex
423 1625 646 1673 natura
688 1634 796 1674 sua
838 1614 914 1674 sit
961 1614 1346 1690 contingens,
1412 1614 1764 1690 temporale,
1824 1610 2125 1681 mutabile,

98 1703 202 1761 sed
266 1704 628 1763 necessario
688 1703 981 1781 supponit
1040 1704 1418 1763 voluntatem
1481 1701 1790 1778 quandam
1854 1701 2123 1759 absolute

99 1792 525 1862 necessariam,
573 1803 904 1864 aeternam,
952 1791 1413 1850 immutabilem.

213 1891 292 1947 Et
333 1890 502 1948 hanc
547 1890 926 1949 voluntatem
969 1899 1317 1961 aeternam,
1363 1888 1771 1964 legislatorem
1814 1886 1979 1945 illum
2022 1883 2121 1943 im·

102 1978 468 2050 mutabilem,
515 1998 812 2037 vocamus
856 1981 1081 2038 Deum.

779 2119 954 2193 Ergo
996 2120 1169 2177 Deus
1212 2121 1451 2176 exsistit.

217 2320 256 2387 ἓ
298 2335 346 2385 3.
407 2325 839 2386 Argumentum
879 2339 950 2373 ex
991 2336 1293 2373 consensu
1330 2322 1590 2371 omnium
1629 2318 1992 2382 populorum.

210 2462 360 2521 Hoc
417 2472 846 2537 argumentum
905 2471 998 2521 est
1057 2460 1439 2520 confirmatio
1495 2456 1794 2533 quaedam
1852 2452 2115 2513 omnium

103 2550 374 2621 aliorum,
438 2560 741 2627 quatenus
784 2550 1054 2611 ostendit
1097 2549 1177 2608 ad
1223 2547 1677 2607 conclusionem
1721 2562 1793 2601 ex
1834 2542 1977 2617 ipsis
2019 2540 2116 2597 de-

104 2638 337 2699 ductam
369 2638 678 2699 rationem
708 2649 978 2699 nostram
1009 2648 1180 2697 motu
1211 2634 1478 2711 quodam
1497 2632 1751 2693 naturali
1774 2642 1831 2690 et
1859 2628 2111 2706 proinde

105 2727 395 2788 infallibili
437 2728 782 2805 pervenire.
829 2759 908 2767 —
956 2728 1056 2786 Sic
1102 2736 1303 2784 autem
1348 2722 1693 2799 exponitur:

211 2827 504 2885 Homines
545 2828 852 2885 moraliter
894 2844 1086 2885 omnes
1128 2826 1192 2882 in
1230 2822 1583 2882 admittenda
1626 2817 1951 2877 exsistentia
1991 2813 2116 2869 Dei

105 2924 312 2991 semper
354 2923 747 2974 convenerunt
783 2924 840 2973 et
879 2918 1053 2973 etiam
1096 2931 1252 2972 nunc
1288 2912 1637 2970 conveniunt.

212 3013 396 3087 Quae
441 3014 783 3089 propositio
828 3012 1102 3073 enuntiat
1136 3011 1389 3085 factum,
1449 3007 1613 3067 cuius
1662 3003 1969 3063 veritatem
2011 3017 2106 3056 co-

107 3102 443 3175 gnoscimus
506 3102 887 3178 experientia
955 3103 1081 3161 sive
1153 3096 1403 3176 propria
1468 3095 1590 3154 sive
1652 3092 1919 3151 aliorum.
2022 3088 2104 3144 Ut

107 3200 294 3249 autem
356 3190 670 3267 inquisitio
731 3201 792 3250 et
853 3188 1203 3251 observatio
1264 3186 1427 3246 circa
1486 3184 1603 3242 hoc
1663 3182 1885 3239 factum
1940 3185 2100 3237 recte

111 3278 431 3339 instituatur
448 3326 464 3352 ,
508 3280 865 3356 requiritur,
910 3290 992 3352 ut,
1042 3295 1220 3337 sensu
1262 3275 1433 3333 huius
1474 3265 1900 3357 propositionis
1942 3264 2099 3323 clare

110 3379 438 3445 perspect0,
484 3370 564 3427 ad
607 3369 672 3428 id
714 3369 1115 3439 attendamus,
1161 3364 1326 3440 quod
1369 3356 1871 3419 considerandum
1913 3360 2015 3408 est.
