2367 3850
301 204 362 254 72
741 205 1240 242 ANTHROPOLOGIA.
1306 205 1443 240 PARS
1483 203 1827 240 ANALYTICA.

415 353 571 410 Nam
614 352 922 428 proprium
963 351 1279 410 voluntatis
1321 351 1621 410 obiectum
1664 351 1807 408 illud
1844 361 1949 422 est,
1999 351 2078 409 ad
2110 351 2272 425 quod

293 442 698 517 appetendum
739 452 878 499 nata
921 452 1010 499 est
1049 441 1323 499 voluntas
1340 486 1353 511 ,
1412 450 1471 498 et
1526 440 1691 514 quod
1730 439 2021 515 primario
2066 449 2127 498 et
2168 457 2274 514 per

293 549 357 588 se
402 530 645 606 appetit.
731 531 934 604 Atqui,
979 529 1347 604 experientia
1387 539 1553 599 teste,
2148 577 2155 581 .
2342 601 2345 604 ᾗ

424 640 470 677 Ι.
533 620 824 677 Voluntas
866 619 944 677 ad
986 619 1279 677 rationem
1334 617 1482 677 boni
1537 617 1818 676 latissime
1873 618 2117 692 accepti
2176 636 2271 692 ap-

294 707 618 783 petendam
659 718 803 765 nata
843 717 932 766 est
950 754 963 778 ,
1024 708 1059 765 i.
1105 725 1156 766 e.
1214 708 1479 765 voluntas
1534 714 1731 764 nostra
1784 707 2143 764 naturaliter
2196 708 2272 762 in·

293 799 544 855 clinatur
582 797 668 854 ad
697 797 1018 855 universale
1057 797 1276 853 bonum.
2343 865 2345 872 Ι

415 886 614 944 Nemo
659 887 820 944 enim
863 895 966 957 est,
1013 885 1116 959 qui
1156 904 1283 943 non
1328 885 1665 961 experiatur
1702 903 1767 942 se
1810 885 1889 943 ad
1936 885 2272 944 universale
2343 953 2345 956 y

291 976 518 1034 bonum
559 975 641 1032 ita
675 993 912 1050 semper
939 974 1239 1045 anhelare,
1284 984 1347 1031 ut
1388 976 1465 1033 ab
1507 974 1782 1032 insatiato
1824 973 1975 1032 illius
2002 973 2270 1050 appetitu
2343 987 2345 990 ’

291 1064 451 1123 haud
507 1063 694 1140 possit
749 1075 1103 1139 temperare.
1190 1065 1269 1121 Et
1321 1081 1388 1122 re
1444 1063 1689 1138 quidem
1742 1081 1914 1133 vera,
1978 1073 2271 1138 quotquot

291 1154 455 1211 bona
482 1153 872 1228 possidemuS,
919 1161 1399 1228 quantacumque
1429 1162 1518 1210 est
1546 1151 1795 1210 felicitas
1837 1169 1959 1226 qua
2004 1151 2265 1220 fruimur,

293 1259 533 1317 semper
571 1243 743 1317 plura
798 1241 1207 1301 desideramus
1262 1252 1323 1299 et
1362 1241 1440 1299 ad
1482 1240 1692 1299 altiora
1736 1240 2069 1298 ascendere
2111 1239 2270 1315 cupi-

293 1349 437 1389 mus.
522 1333 748 1401 Immo,
808 1349 929 1404 quo
983 1331 1178 1388 maior
1233 1341 1322 1389 est
1360 1329 1540 1405 copia
1578 1332 1907 1401 bonorum,
1968 1348 2041 1388 eo
2096 1330 2271 1388 vehe-

293 1420 544 1477 mentius
572 1422 635 1478 fit
663 1419 724 1478 in
753 1419 928 1478 nobis
957 1419 1317 1478 desiderium
1346 1420 1423 1477 ad
1443 1419 1686 1477 maiora.
1734 1420 1854 1478 Sed
1874 1419 2027 1477 haec
2048 1421 2266 1478 um'wr-

290 1510 490 1566 salitas
532 1519 590 1567 et
630 1520 825 1567 motus
868 1507 1019 1566 illius
1058 1511 1349 1566 necessitas
1376 1519 1581 1583 aperte
1609 1509 1871 1584 probant
1898 1509 2267 1566 voluntatem

291 1607 571 1668 nostram,
631 1597 773 1655 dum
816 1598 916 1654 illa
956 1598 1118 1657 bona
1173 1597 1552 1672 particularia
1606 1598 1864 1673 appetit,
1920 1598 2267 1656 naturaliter

292 1688 568 1744 inclinari
605 1686 667 1743 in
707 1687 1002 1744 rationem
1045 1687 1193 1744 boni
1233 1686 1513 1744 latissime
1544 1695 1854 1762 acceptam
1894 1704 1999 1745 seu
2040 1687 2263 1744 bonum

289 1775 638 1846 universale,
685 1776 850 1850 quod
891 1774 970 1833 ad
1012 1792 1255 1832 omnem
1298 1775 1445 1834 boni
1473 1774 1766 1833 rationem
1808 1775 2262 1834 indeterminate

291 1882 420 1922 sese
464 1865 758 1937 extendit,
817 1864 967 1922 sicut
1020 1865 1171 1931 ratio
1215 1865 1397 1937 entiS,
1462 1874 1520 1923 et
1563 1863 1658 1922 cui
1700 1866 1763 1922 in
1810 1875 2099 1922 concreto
2140 1883 2261 1922 cor-

291 1954 616 2029 respondet
671 1973 964 2012 summum
1019 1954 1277 2026 bonum,
1336 1955 1495 2012 iuxta
1548 1954 1694 2012 illud
1749 1974 1784 2012 a
1831 1955 1887 2013 S.
1933 1956 2259 2029 Augustino

291 2053 410 2103 tam
453 2044 758 2118 praeclare
820 2044 1075 2101 dictum:
1141 2044 1387 2101 «Fecisti
1436 2062 1537 2101 nos
1593 2037 1900 2118 (Domine)
1956 2046 2047 2101 ad
2076 2051 2160 2113 te,
2215 2049 2264 2099 et

289 2134 594 2207 'inquietum
636 2140 719 2189 est
755 2150 852 2191 cor
891 2139 1164 2201 nostrum,
1209 2133 1378 2190 donec
1415 2133 1726 2207 requiescat
1761 2136 1823 2190 in
1864 2140 1931 2191 te.
1944 2152 1969 2184 »
1996 2134 2011 2167 ¹
2082 2132 2259 2207 Quod

293 2224 347 2281 S.
407 2222 637 2281 Doctor
703 2222 794 2279 his
861 2221 1058 2281 verbis
1119 2221 1410 2279 declarat:
1489 2222 1843 2281 «Obiectum
1914 2232 2114 2280 autem
2170 2240 2261 2279 vo-

291 2310 555 2380 luntatis,
631 2329 784 2384 quae
855 2321 942 2367 est
1010 2310 1307 2385 appetitus
1375 2311 1695 2382 humanuS,
1774 2321 1863 2369 est
1932 2312 2260 2369 universale

291 2399 542 2469 bonum,
603 2397 752 2458 sicut
795 2398 1096 2457 obiectum
1139 2398 1472 2457 intellectus
1526 2411 1614 2458 est
1653 2399 1985 2459 universale
2042 2418 2259 2458 verum.

292 2488 380 2543 Ex
436 2504 558 2561 quo
619 2497 811 2565 patet,
886 2489 1052 2561 quod
1111 2488 1257 2546 nihil
1318 2498 1516 2566 potest
1575 2489 1842 2563 quietare
1901 2490 2259 2547 voluntatem

289 2576 548 2634 hominis
604 2576 716 2635 nisi
757 2577 984 2634 bonum
1032 2576 1399 2653 universale3
1455 2578 1619 2652 quod
1672 2596 1800 2635 non
1854 2577 2152 2637 invenitur
2206 2578 2259 2634 in

291 2666 494 2741 aliquo
538 2676 758 2737 creat0,
803 2666 909 2723 sed
953 2665 1013 2722 in
1055 2667 1185 2724 solo
1228 2668 1379 2725 Deo
1394 2685 1418 2717 »
1445 2668 1467 2699 ²
1820 2712 1831 2717 -

417 2775 466 2813 2.
511 2754 742 2811 Bonum
771 2756 1093 2813 universale
1119 2756 1385 2813 voluntas
1413 2757 1703 2831 primario
1740 2763 1797 2813 et
1804 2764 1922 2833 per
1954 2774 2012 2813 se
2038 2758 2257 2832 appetit.

411 2843 624 2901 Intime
669 2844 830 2901 enim
874 2843 1230 2919 experimur,
1281 2844 1513 2919 quoties
1554 2846 1857 2903 voluntate
1902 2845 2127 2920 aliquid
2170 2862 2259 2902 vo-

291 2933 496 3003 lumus,
541 2950 652 2990 nos
695 2931 837 2990 illud
879 2933 1036 2990 velle
1079 2934 1186 2990 sub
1230 2934 1453 2991 lumine
1496 2943 1554 2991 et
1596 2934 1817 2991 influxu
1858 2934 2103 2992 rationis
2142 2934 2258 2991 uni-

291 3022 530 3079 versalis
572 3021 748 3078 boni:
793 3022 1062 3079 volumus
1105 3023 1269 3079 bona
1297 3022 1691 3097 particularia,
1736 3024 1873 3097 quia
1910 3033 2044 3081 sunt
2085 3024 2254 3089 bona,

291 3110 431 3185 quia
471 3110 697 3169 habent
751 3110 975 3184 aliquid
1035 3111 1112 3169 de
1174 3112 1404 3170 ratione
1460 3111 1606 3170 boni
1660 3110 2037 3185 universalis,
2099 3110 2255 3185 quod

290 3208 536 3274 propter
577 3198 771 3273 ipsum
813 3200 1097 3257 volumus,

418 3376 434 3407 ¹
474 3378 701 3427 Confess.
742 3378 774 3427 1.
815 3379 854 3437 I,
902 3392 943 3426 1.
1092 3377 1113 3409 ²
1150 3382 1201 3428 S.
1251 3382 1438 3440 Thone„
1479 3380 1530 3429 S.
1570 3382 1723 3429 theol.
1762 3381 1803 3442 Ι,
1842 3382 1908 3442 11,
1948 3400 1997 3446 q.
2038 3395 2087 3443 2,
2127 3399 2167 3431 a.
2208 3382 2250 3429 8.

1396 3532 1422 3545 Ρ
