2367 3850
764 221 839 258 DF,
879 221 1082 258 DIVINO
1120 221 1443 258 CONCURSU.
1992 221 2092 274 215

235 368 580 428 Concursus
599 386 744 426 vero
767 368 1002 427 divinus
1031 369 1308 444 physicus
1337 370 1557 444 duplex
1575 369 1855 444 distingui
1876 379 2091 445 potest:

119 475 438 517 concursus
480 457 760 533 physicus
801 457 1078 532 praevius
1120 468 1180 515 et
1222 475 1543 517 concursus
1586 457 1863 533 physicus
1904 459 2097 518 simul·

120 557 342 605 taneuS.

235 630 296 709 α)
340 635 682 693 Concursus
709 635 987 709 physicus
1010 638 1297 710 praevius.
1330 636 1425 694 vel
1459 637 1799 712 «praemotio
1824 637 2087 710 physica»

119 735 205 782 est
258 724 512 782 influxus
565 724 668 782 ille
709 724 884 782 realis
927 734 984 782 et
1026 723 1337 799 physicuS‚
1396 743 1517 798 quo
1560 726 1727 784 Deus
1780 736 1981 784 movet
2035 737 2093 784 et

121 815 381 888 applicat
421 813 754 888 potentiam
797 813 1028 888 agentis
1069 813 1146 871 ad
1177 814 1476 888 agendum
1508 809 1804 888 (prioritas
1845 825 2092 873 naturae

119 898 385 976 tantum).

237 987 294 1066 β)
337 991 682 1050 Concursus
723 991 1002 1066 physicus
1042 993 1409 1050 simultaneus
1456 987 1851 1066 (collateraliS,
1907 994 2095 1069 paral-

120 1077 284 1155 lelus)
329 1091 418 1140 est
465 1081 780 1139 «auxilium
837 1081 1145 1154 quoddam
1189 1099 1404 1156 vagum
1449 1091 1510 1140 et
1550 1081 2091 1152 indeterminatum,

122 1181 421 1228 creaturae
464 1171 730 1229 oblatum
772 1189 808 1228 a
849 1172 1004 1240 De0,
1049 1180 1114 1228 ut
1151 1170 1283 1244 ipsa
1323 1188 1398 1228 eo
1440 1180 1634 1228 utatur
1675 1170 1753 1228 ad
1794 1171 2091 1230 actionem

122 1279 282 1318 suam
325 1260 798 1334 exercendam»;
839 1260 958 1318 hoc
998 1260 1203 1331 mode,
1246 1269 1309 1316 ut
1337 1261 1614 1334 exemplo
1656 1268 1887 1318 utamur
1929 1261 2093 1334 quod

125 1351 287 1406 affert
307 1349 556 1419 Melina,
578 1349 698 1406 duo
718 1348 858 1423 equi
877 1348 1098 1407 viribus
1126 1348 1339 1406 iunctis
1368 1349 1540 1406 simul
1569 1367 1805 1406 currum
1835 1348 2089 1407 trahunt.

235 1439 364 1496 Iam
403 1455 552 1496 vero
595 1437 854 1512 aliquem
899 1454 1253 1496 concursum
1296 1437 1443 1508 Dei,
1499 1438 1708 1496 saltem
1748 1438 2089 1510 mediatum,

127 1527 337 1602 requiri
399 1537 489 1585 est
549 1526 844 1586 sententia
904 1527 980 1584 ab
1049 1526 1326 1585 omnibus
1385 1526 1757 1604 philosophis
1815 1527 2089 1597 admissa,

127 1617 221 1689 qui
273 1617 471 1675 Deum
527 1633 725 1674 rerum
779 1615 1045 1674 omnium
1100 1627 1434 1674 creatorem
1495 1625 1553 1674 et
1608 1625 2089 1674 conservatorem

127 1723 246 1763 esse
289 1707 662 1764 confitentur.

238 1797 480 1853 Praeter
523 1793 848 1852 mediatum
903 1804 1096 1876 autem
1160 1811 1513 1852 concursum
1535 1840 1548 1864 ,
1612 1793 1791 1852 alium
1850 1794 2091 1869 insuper

128 1883 368 1959 requiri,
411 1884 700 1959 illumque
741 1883 1150 1942 immediatum
1194 1893 1254 1941 et
1296 1883 1621 1961 physicum,
1672 1893 1759 1943 est
1800 1884 2091 1943 sententia

128 1994 158 2030 a
195 1974 518 2043 Durand0‚
562 1972 862 2032 Meldensi
904 1972 1193 2048 episcopo
1235 1990 1391 2031 saec,
1435 1974 1597 2044 XIV,
1641 1983 1702 2031 et
1742 1993 1779 2031 a
1818 1973 2093 2048 paucissi-

125 2062 226 2119 mis
267 2062 640 2138 philosophis
695 2062 1071 2138 impugnata,
1126 2062 1312 2121 hodie
1351 2079 1496 2120 vero
1544 2082 1579 2119 a
1620 2062 1989 2137 philosophis
2032 2073 2092 2121 et

127 2151 408 2226 theologis
451 2150 759 2209 catholicis
803 2151 1199 2210 communiter
1239 2160 1303 2208 ut
1330 2161 1493 2209 certa
1521 2150 1778 2209 admissa
1810 2162 1868 2209 et
1898 2151 2090 2227 Scrip-

129 2251 279 2299 turae
319 2242 545 2299 Sacrae
587 2240 834 2297 omnino
873 2240 1217 2299 conformis,
1280 2239 1455 2297 «Sine
1484 2258 1639 2310 me»,
1684 2239 1766 2298 ait
1807 2239 2087 2311 ChristuS,

135 2329 298 2387 «nihil
313 2330 564 2405 potestis
583 2330 816 2388 facere»
841 2325 948 2404 (10.
969 2350 992 2387 1
1007 2346 1058 2405 5,
1080 2324 1154 2405 5),
1175 2339 1233 2386 et
1248 2330 1572 2403 Apostolus
1588 2329 1665 2388 ad
1680 2328 2089 2404 Philippenses

128 2419 409 2478 scribens:
449 2421 649 2477 «Deus
674 2429 818 2489 est»,
851 2418 1058 2493 inquit,
1096 2420 1233 2493 «qui
1263 2427 1543 2493 operatur
1571 2418 1635 2475 in
1652 2417 1821 2476 vobis
1850 2429 1908 2475 et
1936 2419 2087 2476 velle

131 2518 180 2564 et
221 2510 538 2583 perficere,
597 2526 710 2582 pro
767 2508 930 2565 bona
970 2508 1307 2565 voluntate»
1357 2504 1529 2580 (Phil.
1576 2528 1604 2564 2
1628 2553 1641 2577 ,
1692 2501 1803 2581 13).
1849 2537 1926 2545 —
1984 2510 2087 2567 «1n

129 2596 247 2671 ipso
285 2598 446 2657 enim
491 2597 760 2668 vivimuS,
804 2605 864 2655 et
903 2614 1231 2665 movemur,
1276 2607 1334 2653 et
1376 2613 1607 2653 sumus»
1653 2591 1807 2671 (Act.
1847 2614 1934 2669 17,
1972 2593 2087 2671 28).

239 2690 450 2747 Utrum
491 2704 635 2745 vero
677 2686 775 2745 ille
818 2702 1140 2744 concursus
1182 2684 1556 2743 immediatus
1600 2694 1659 2742 et
1698 2684 1975 2759 physicus
2018 2685 2090 2743 sit

132 2774 498 2849 simultaneus
552 2795 630 2833 an
672 2774 976 2851 praeviuS,
1035 2783 1124 2833 est
1179 2774 1447 2849 quaestio
1503 2774 1655 2831 inter
1700 2772 2088 2849 philosophos

133 2865 440 2923 catholicos
483 2864 671 2923 libere
713 2863 949 2940 agitata.

237 2955 568 3012 Molzbzzktae
609 2953 800 3025 enim,
859 2974 896 3011 a
934 2953 1167 3011 Melina
1192 2954 1209 2985 ¹
1250 2952 1335 3011 sic
1378 2951 1686 3028 appellati,
1733 2970 2087 3009 concursum

133 3042 237 3099 Dei
286 3042 695 3102 immediatum
755 3042 1167 3101 simultaneum
1230 3041 1497 3099 sufficere
1560 3041 1885 3111 affirmant,
1949 3060 2088 3099 con-

136 3148 351 3189 cursum
390 3150 536 3191 vero
579 3130 886 3207 praevium
929 3131 1175 3189 omnino
1218 3130 1483 3189 reiciunt.

245 3324 264 3357 ²
297 3328 490 3377 Molina
527 3343 556 3375 e
594 3326 845 3377 Societate
883 3328 1026 3387 Iesu,
1066 3344 1110 3375 a.
1156 3336 1253 3389 153
1263 3341 1288 3390 5
1329 3336 1503 3386 natus,
1558 3326 1693 3375 1600
1730 3334 1954 3375 mortuus
1992 3336 2084 3376 est.

137 3405 330 3472 Propter
365 3407 597 3456 eximiam
634 3408 686 3455 in
725 3407 936 3457 scientia
973 3407 1259 3470 theologica
1295 3406 1647 3469 praestantiam
1704 3406 2085 3454 «celeberrimus
