2367 3850
34 11 515 87 '‘U‘'

382 177 464 212 DE
502 177 953 214 OPERATIONIBUS
994 178 1103 214 VEL
1142 177 1381 215 ACTIBUS
1422 178 1796 216 VOLUNTATIS.
1999 175 2066 226 79

196 343 257 399 3.
307 324 626 400 Quidquid
666 336 958 397 movetur,
1002 326 1080 383 ab
1123 327 1242 384 alio
1275 337 1564 386 movetur.
1628 325 1748 385 Sed
1775 327 2064 397 voluntaS,

66 431 215 471 cum
260 414 434 489 eligit
475 416 703 473 bonum
737 414 1112 490 particulare,
1156 423 1442 474 movetur.
1501 417 1665 490 Ergo
1693 416 1771 473 ab
1800 415 1918 473 alio
1945 433 2068 474 mo-

60 513 262 561 vetur.
312 503 503 577 Quod
521 514 719 562 autem
738 505 816 562 ab
836 503 955 562 alio
974 513 1263 576 movetur,
1292 504 1501 564 idmon
1520 514 1611 563 est
1627 504 1799 564 liberi
1821 503 2066 563 arbitrii.

198 619 257 671 4.
304 602 481 672 Item,
526 601 628 676 qui
670 601 865 673 docet,
911 601 1117 676 positis
1158 601 1435 660 omnibus
1466 601 1546 660 ad
1573 599 1874 676 agendum
1902 619 2068 677 prae-

64 689 401 763 requisitis,
444 690 812 748 voluntatem
839 707 1017 765 posse
1046 708 1228 766 agere
1255 691 1351 749 vel
1385 707 1510 748 non
1539 708 1738 764 agere,
1782 689 2068 766 implicite

66 778 279 850 docet,
313 779 515 854 posita
542 778 773 837 ratione
800 779 1117 838 sufficienti
1146 778 1392 838 alicuius
1421 779 1526 851 rei,
1557 779 1714 838 hanc
1739 797 1870 838 rem
1891 797 2068 855 posse

68 886 207 926 non
250 885 405 926 esse.
466 867 587 926 Sed
628 868 744 926 hoc
785 867 1017 926 videtur
1046 885 1175 926 esse
1195 877 1408 926 contra
1437 868 1796 944 principium
1825 867 2069 926 rationis

70 956 450 1015 sufficientis.
535 958 699 1032 Ergo
741 957 994 1015 liberum
1035 957 1343 1015 arbitrium
1384 955 1642 1016 absurde
1679 956 1936 1032 ponitur.

205 1054 440 1127 Quinto
484 1053 747 1129 denique
786 1055 1031 1114 libertas
1088 1055 1297 1114 saltem
1353 1074 1428 1115 eo
1485 1072 1660 1114 sensu
1715 1066 1806 1114 est
1846 1055 2070 1113 intelle-

76 1143 319 1218 genda,
395 1152 461 1200 ut
519 1143 751 1202 dicatur
812 1161 948 1202 cum
1007 1144 1350 1202 Leibnizio:
1428 1146 1694 1203 ‹Electio
1753 1145 2068 1202 voluntatis

78 1233 315 1291 liberae
374 1232 763 1291 infallibiliter
821 1232 1006 1291 fertur
1063 1234 1124 1291 in
1185 1233 1331 1291 illud
1348 1279 1361 1304 ,
1427 1233 1591 1308 quod
1649 1234 1953 1292 intellectu
2009 1245 2070 1290 ut

80 1322 296 1379 melius
361 1321 867 1398 apprehenditur»
896 1325 955 1397 ¹3
1014 1341 1184 1382 secus
1245 1323 1406 1380 enim
1467 1323 1702 1382 deesset
1759 1320 2070 1380 electionis

82 1410 239 1468 ratio
296 1411 614 1470 sufficiens.
701 1411 887 1486 Atqui
937 1412 1084 1469 nihil
1126 1429 1258 1470 esse
1301 1411 1428 1470 sine
1471 1411 1700 1470 ratione
1757 1410 2070 1469 sufficienti

85 1501 165 1556 ab
210 1500 493 1558 omnibus
534 1499 876 1558 admittitur.

208 1597 331 1655 Sed
390 1605 589 1656 contra
656 1607 744 1656 est
812 1615 1138 1656 consensus
1202 1597 1469 1654 omnium
1538 1596 1848 1654 hominum
1909 1596 2068 1654 circa

87 1687 493 1746 exsistentiam
552 1687 722 1746 liberi
782 1686 1008 1745 arbitrii
1070 1687 1133 1743 in
1193 1685 1467 1744 omnibus
1527 1684 1854 1744 secundum
1924 1685 2068 1744 illud

90 1776 279 1834 Eccli.
331 1793 398 1852 15
421 1823 434 1847 ,
495 1791 601 1848 14:
664 1777 863 1835 «Deus
918 1777 993 1834 ab
1049 1773 1220 1832 initio
1271 1774 1571 1833 constituit
1612 1775 1947 1845 hominem,
2011 1785 2070 1832 et

94 1856 331 1941 reliquit
385 1883 521 1924 eum
579 1865 641 1922 in
696 1883 875 1923 manu
932 1863 1163 1924 consilii
1219 1863 1340 1923 sui»
1362 1911 1377 1937 ,
1439 1864 1598 1922 unde
1655 1865 1806 1923 haec
1861 1883 1898 1922 a
1945 1873 2070 1921 tota

99 1955 315 2012 Schola
355 1964 735 2031 propugnata

214 2100 441 2149 Thesis.
496 2092 691 2149 Homo
730 2091 900 2148 habet
940 2092 1177 2148 liberum
1219 2091 1524 2148 arbitrium
1565 2091 1713 2147 circa
1754 2089 1899 2147 bona
1928 2097 2068 2164 par-

102 2180 363 2237 ticularia
401 2181 519 2238 sive
558 2181 740 2237 media
781 2181 866 2238 ad
898 2180 1308 2237 beatitudinem.

216 2320 408 2369 Status
448 2320 817 2382 quaestionis.
918 2313 989 2369 In
1022 2312 1136 2369 hac
1163 2310 1314 2368 thesi
1358 2310 1436 2369 ad
1473 2312 1832 2368 elementum
1875 2326 2069 2367 essen-

107 2399 231 2457 tiale
272 2398 446 2458 liberi
489 2400 713 2459 arbitrii
758 2400 1014 2459 maxime
1056 2398 1432 2458 attendentes
1474 2398 1534 2456 id
1587 2398 1874 2474 imprimis
1928 2415 2068 2457 con-

109 2488 421 2548 tendimus:
480 2490 707 2560 Hom0,
756 2489 899 2547 dum
942 2498 1077 2547 actu
1116 2488 1450 2546 voluntario
1492 2489 1653 2546 bona
1694 2487 2068 2562 particularia

113 2578 338 2652 appetit,
382 2578 514 2654 ipsa
554 2578 637 2636 ita
677 2578 919 2653 appetit,
961 2588 1041 2649 ut,
1087 2576 1293 2652 positis
1330 2578 1608 2635 omnibus
1649 2577 1725 2635 ad
1769 2577 2067 2651 agendum

114 2666 538 2741 praerequisitis
559 2713 574 2740 ‚
644 2666 904 2743 potuerit
962 2676 1160 2725 actum
1195 2683 1386 2731 ,suum
1453 2664 1846 2723 voluntarium
1909 2664 2068 2722 circa

117 2753 201 2810 illa
235 2756 398 2814 bona
440 2757 657 2815 elicere
696 2758 792 2815 vel
833 2774 959 2814 non
1002 2754 1239 2814 elicere.

224 2854 446 2912 Contra
486 2854 701 2912 thesim
743 2853 828 2912 sic
870 2852 1232 2911 intellectam
1289 2851 1588 2927 duplicem
1644 2852 1931 2910 habemus
1972 2852 2066 2908 ad-

122 2959 481 3000 versariorum
523 2944 803 3018 speciem.

130 3119 377 3171 denselben
412 3121 725 3171 Umstanden
762 3122 983 3180 konnte‚
1042 3121 1091 3169 d.
1131 3121 1181 3169 h.
1222 3120 1354 3169 ohne
1408 3097 1518 3168 dass
1563 3120 1682 3183 jetzt
1733 3119 1784 3167 in
1820 3121 1868 3167 A
1912 3128 2066 3167 etwas

63 3254 65 3259 ,
131 3199 256 3264 liige,
302 3218 398 3251 was
436 3202 539 3251 ihm
577 3202 727 3251 einen
764 3202 969 3283 Vorzug
1004 3216 1097 3249 vor
1138 3202 1210 3260 B,
1252 3201 1318 3260 C,
1359 3202 1408 3249 D
1447 3199 1666 3249 erteilte»
1715 3197 1840 3263 (Die
1878 3200 2064 3247 beiden

136 3279 543 3345 Grundprobleme
581 3284 672 3331 der
710 3282 865 3330 Ethik
902 3299 952 3345 p.
992 3279 1105 3344 47).
1170 3280 1250 3329 Cf.
1289 3282 1436 3330 Pescla
1475 3281 1507 3329 l.
1549 3297 1590 3329 c.
1633 3280 1722 3337 ΙΙΙ,
1767 3291 1884 3341 339.

243 3358 258 3389 ¹
291 3362 363 3410 De
398 3364 639 3412 sententia
676 3362 921 3411 Leibnizii
958 3360 1073 3409 vide
1112 3362 1332 3409 Boedcler
1365 3361 1398 3409 l.
1439 3378 1481 3408 c.
1521 3377 1572 3422 p,
1613 3368 1719 3419 270
1757 3374 1830 3421 sq.
