2367 3850
232 246 294 280 10
670 240 1163 278 ANTHROPOLOGIA.
1231 240 1369 288 PARS
1408 239 1753 276 ANALYTICA.

225 401 284 451 et
303 392 364 448 in
385 390 729 448 innumeros
747 388 1109 448 canaliculos
1127 387 1442 463 capillares
1463 387 1609 446 exit:
1633 385 1873 445 ultimae
1888 385 2250 462 capillares

223 478 527 538 arteriales
556 497 692 537 cum
719 478 925 553 primis
953 476 1333 552 capillaribus
1361 495 1638 534 venarum
1668 469 2035 550 (Blutadern)
2063 495 2245 533 ana-

223 574 620 636 mmmmm,
664 577 728 625 ut
755 567 974 638 dicunt,
1007 566 1044 625 i.
1076 585 1127 625 e.
1160 567 1241 624 ita
1269 565 1725 640 coniunguntur,
1765 573 1827 622 ut
1856 565 2247 624 arteriarum

225 655 593 731 capillarium
636 666 900 715 extrema
927 656 1023 715 vel
1049 655 1257 727 exituS,
1309 654 1427 714 sint
1452 671 1741 714 venarum
1770 672 1877 712 ora
1906 647 2025 728 (fig.
2064 673 2117 726 1,
2158 653 2239 722 d,

225 746 307 814 d„
328 747 411 815 d„
433 740 538 819 d4).
583 746 724 819 Quo
744 747 824 816 fit,
846 754 909 803 ut
929 743 1183 820 sanguis,
1215 761 1463 802 munere
1484 760 1591 802 suo
1610 743 1867 818 explet0,
1891 760 2002 818 per
2019 760 2242 801 venas

227 829 403 909 (vena
429 854 578 893 cava
606 834 889 894 inferiore
919 843 980 893 et
1005 851 1159 892 vena
1188 851 1337 891 cava
1364 831 1701 908 superiore:
1731 833 1772 901 i,
1799 825 1859 906 k)
1889 831 2243 890 reducatur

227 923 304 982 ad
323 923 632 983 dexterum
652 942 760 982 cor
779 934 839 983 et
857 923 1016 994 inde,
1047 921 1292 993 arteriis,
1325 921 1402 980 ad
1422 921 1769 995 pulmones:
1798 930 1877 990 ut,
1897 919 2073 978 novis
2090 921 2238 980 ele-

226 1013 440 1072 mentis
465 1013 719 1072 nutritiis
746 1012 1020 1088 receptis,
1051 1011 1261 1071 iterum
1293 1010 1648 1070 rectificetur
1676 1019 1738 1068 et
1763 1009 1976 1068 iterum
2003 1009 2155 1069 fluat
2186 1011 2232 1068 ¹.

346 1104 421 1162 V.
477 1104 592 1162 Per
646 1112 835 1162 totum
891 1111 1088 1160 autem
1143 1101 1460 1160 decursum
1513 1099 1684 1158 huius
1738 1097 2044 1174 sanguinis
2098 1116 2237 1174 per

227 1193 476 1249 arterias
525 1191 926 1251 circulationis
971 1192 1034 1247 fit
1086 1189 1217 1265 ipse
1258 1187 1595 1248 nutritionis
1635 1198 1801 1247 actus
1842 1206 1954 1263 per
1994 1189 2233 1246 assimi-

227 1281 505 1339 lationem.
551 1281 842 1339 Diversae
871 1279 1097 1338 scilicet
1123 1287 1389 1337 texturae
1418 1273 1627 1352 (tissuS‚
1661 1272 1949 1350 Gewebe)
1980 1295 2055 1336 ex
2082 1295 2235 1334 san-

227 1369 407 1444 guine
449 1387 559 1445 per
587 1368 992 1429 endosmosim
1021 1369 1116 1427 vel
1146 1367 1489 1443 specificam
1531 1365 1834 1442 quandam
1864 1367 2231 1425 cellularum

227 1458 528 1517 actionem
554 1458 617 1517 id
647 1468 965 1529 assumunt,
1010 1457 1176 1532 quod
1205 1456 1449 1532 singulis
1476 1456 1554 1514 ad
1592 1473 1721 1515 sese
1764 1455 2232 1514 conservandas

230 1550 326 1606 vel
370 1548 723 1606 reficiendas
766 1557 854 1606 est
893 1544 1327 1606 necessarium:
1384 1543 1659 1616 musculi,
1704 1544 1870 1619 quod
1911 1543 2227 1616 musculiS,

229 1656 380 1708 ossa,
440 1654 595 1711 quae
637 1635 895 1707 ossibuS,
953 1634 1151 1706 nervi,
1212 1653 1367 1710 quae
1409 1633 1624 1706 nerviS‚
1684 1644 1817 1705 etc.,
1880 1643 2016 1692 sunt
2070 1652 2231 1691 con-

231 1725 548 1786 venientia.
621 1724 947 1798 Quomodo
991 1733 1189 1784 autem
1226 1724 1377 1782 haec
1418 1725 1590 1781 fiant:
1635 1741 1741 1782 cur
1781 1721 2048 1798 singulae
2093 1731 2229 1781 tex-

232 1827 396 1874 turae
451 1812 515 1873 id
556 1823 783 1872 tantum
838 1831 912 1872 ex
952 1813 1242 1888 sanguine
1296 1812 1409 1870 sibi
1451 1811 1802 1883 assimilent,
1862 1811 2026 1887 quod
2069 1811 2231 1886 ipsis

235 1904 558 1963 convenire
587 1904 787 1979 possit,
833 1902 949 1962 alia
986 1912 1183 1963 autem
1212 1902 1717 1979 praetermittant3
1758 1900 2067 1978 quomodo
2112 1903 2230 1959 fiat

235 1994 385 2052 haec
425 2004 546 2053 tam
588 1993 740 2051 mira
779 1992 1253 2052 transformatio:
1313 1994 1464 2053 haec
1506 1992 1707 2051 omnia
1724 2038 1737 2063 ,
1783 1991 1962 2051 etiam
2002 2001 2226 2051 nostro

233 2084 351 2141 hoc
378 2093 668 2158 tempore,
704 2080 974 2141 maximis
1003 2082 1286 2141 obvoluta
1309 2090 1444 2139 sunt
1471 2080 1749 2152 tenebriS,
1780 2099 1896 2140 nec
1922 2098 2225 2155 umquam

237 2171 387 2230 forte
430 2191 465 2230 a
506 2170 872 2247 physiologis
915 2170 1199 2247 explicari
1240 2180 1525 2245 poterunt
1546 2171 1583 2229 ³.

360 2302 375 2333 ¹
422 2306 524 2353 «Le
563 2321 703 2354 coeur
739 2314 816 2353 est
840 2320 908 2352 un
935 2307 1112 2353 muscle
1135 2320 1302 2364 crcux,
1340 2301 1567 2367 e'lastique
1591 2312 1640 2352 et
1666 2303 1987 2361 contractile;
2030 2302 2066 2349 il
2090 2312 2225 2367 peut

239 2385 373 2434 donc
399 2400 452 2433 se
478 2394 765 2434 contractet
793 2382 1019 2448 (systole,
1060 2386 1124 2434 de
1161 2381 1469 2446 συστέλλειν,
1510 2381 1777 2447 resserrer)
1818 2391 1870 2432 et
1903 2399 1958 2431 se
1982 2382 2227 2432 relacher

237 2461 486 2528 (diastole,
527 2466 590 2513 de
629 2463 962 2527 διαστέλλειν,
1003 2462 1225 2529 dilatet).
1257 2503 1267 2513 .
1297 2502 1307 2513 .
1338 2501 1351 2512 .
1404 2464 1488 2513 On
1526 2464 1697 2512 donne
1734 2464 1781 2513 le
1820 2480 1941 2512 nom
1978 2462 2044 2511 de
2079 2460 2225 2512 re'vo-

239 2546 392 2593 lution
430 2544 689 2609 cardiaque
739 2541 769 2593 ὲ
819 2544 1115 2594 l'ensemble
1166 2545 1257 2595 des
1310 2551 1655 2594 mouvements
1708 2544 1772 2592 de
1810 2542 2128 2593 contractiori
2168 2552 2223 2592 et

239 2625 304 2673 de
341 2624 679 2673 relachement
717 2625 808 2673 des
854 2624 1024 2689 parois
1076 2626 1144 2673 du
1197 2641 1351 2675 coeur.
1429 2624 1574 2673 Cette
1612 2624 1899 2674 revolution
1938 2624 2062 2673 dure
2112 2640 2221 2671 une

239 2704 451 2753 fraction
505 2704 567 2752 de
619 2706 858 2755 seconde.
904 2743 914 2753 .
957 2742 970 2753 .
1010 2743 1024 2753 .
1099 2706 1265 2769 Apres
1318 2705 1513 2769 chaque
1550 2703 1833 2754 revolution
1854 2741 1865 2763 ,
1921 2704 1969 2753 le
2007 2719 2152 2752 coeur
2189 2720 2221 2751 a

241 2784 414 2833 chasse
452 2784 660 2833 environ
705 2785 803 2834 180
821 2801 864 2849 g
899 2786 1021 2835 chez
1060 2784 1298 2834 l'homme
1336 2785 1505 2833 adulte
1524 2823 1535 2844 ,
1590 2792 1641 2834 et
1679 2800 1873 2833 comme
1912 2783 1948 2831 il
1986 2801 2019 2846 y
2070 2800 2099 2831 a
2152 2799 2217 2833 en

241 2879 484 2925 moyenne
526 2873 553 2927 5
593 2864 661 2927 kg
693 2865 757 2913 de
796 2880 923 2929 sang
939 2903 950 2924 ,
1004 2865 1038 2912 il
1084 2866 1190 2912 faut
1228 2861 1259 2913 ὲ
1294 2880 1394 2929 peu
1431 2864 1547 2929 pres
1587 2864 1653 2913 28
1693 2862 1906 2926 systoles
1948 2879 2081 2928 pour
2116 2880 2218 2929 que

229 2951 348 2991 ¹tout
386 2943 432 2990 le
471 2958 597 3007 sang
634 2944 702 2991 du
741 2960 888 3008 corps
926 2960 1072 3009 passe
1109 2961 1201 3008 par
1238 2945 1285 2993 le
1324 2960 1489 3003 coeur;
1529 2951 1581 2993 et
1618 2944 1659 2992 si
1697 2943 1803 2992 l'on
1839 2959 1904 2992 ne
1928 2944 2093 3007 prend
2118 2959 2218 3008 que

242 3023 312 3071 60
349 3022 628 3086 pulsations
669 3019 699 3071 ὲ.
734 3024 784 3071 la
821 3024 1039 3085 minute,
1093 3040 1161 3073 on
1202 3036 1376 3073 trouve
1414 3040 1511 3089 que
1549 3023 1598 3072 le
1636 3039 1765 3088 sang
1800 3023 1889 3071 fait
1940 3022 2073 3071 deux
2118 3023 2217 3071 fois

241 3101 290 3150 le
327 3110 441 3150 tour
477 3102 544 3150 du
581 3119 730 3167 corps
767 3104 894 3152 dans
934 3111 1064 3153 cette
1101 3106 1290 3153 minute
1308 3142 1319 3163 ,
1381 3116 1481 3151 120
1525 3102 1623 3152 fois
1661 3103 1786 3151 dans
1824 3119 1921 3152 une
1958 3102 2116 3151 heure
2168 3112 2219 3151 et

231 3177 352 3247 prbs
387 3182 443 3231 de
469 3198 618 3242 3000
641 3182 752 3247 sois
787 3200 848 3233 en
885 3200 957 3232 un
979 3185 1124 3247 jour.
1177 3185 1252 3233 Le
1292 3200 1432 3234 coeur
1468 3192 1545 3233 est
1582 3183 1906 3235 decidement
1933 3199 2001 3231 un
2028 3184 2217 3231 muscle

243 3261 328 3326 qui
369 3261 623 3311 travaille»
669 3260 982 3328 (Vaegrouroux
1019 3264 1051 3314 l.
1093 3282 1135 3314 c.
1174 3282 1225 3329 p.
1267 3262 1592 3327 303—306).

365 3339 388 3372 ¹
431 3342 534 3390 «Le
572 3342 694 3391 tissu
731 3344 902 3393 vivant
941 3345 1123 3393 choisit
1160 3346 1295 3394 donc
1320 3361 1386 3393 en
1414 3344 1630 3409 quelque
1656 3352 1790 3393 sorte
1816 3343 1890 3391 les
1915 3343 2105 3408 parties
2130 3344 2216 3407 qui

245 3422 314 3469 lui
353 3430 467 3470 sont
505 3421 809 3471 semblables
847 3439 914 3470 ou
951 3424 1036 3487 qui
1073 3425 1121 3473 le
1155 3424 1505 3485 deviendront,
1547 3425 1582 3472 il
1608 3424 1682 3473 les
1709 3423 1870 3474 arrete
1896 3440 1959 3471 au
1983 3440 2214 3489 passage,
