2367 3850
294 219 847 273 AUGMENTATIONIS
888 240 960 276 ΕΤ
998 236 1438 285 GENERATIONIS
1479 250 1681 290 BREVls
1722 254 2073 294 ENARRATIO.
2155 259 2210 295 11

995 415 1333 468 ARTICULus
1372 433 1435 471 11.

396 516 1043 576 AUGMENTATIONIS
1083 528 1176 577 ET
1217 531 1757 590 GENERATIONIS
1795 542 2048 593 BREVIS

997 607 1437 665 ENARRATIO.

319 718 435 776 Ille
491 740 679 796 quem
740 743 920 801 supra
981 729 1423 796 declaravimus
1483 740 1821 803 nutritionis
1875 763 2212 821 processus,

149 808 537 867 secundum
567 813 871 874 elementa
900 835 1007 876 sua
1037 822 1261 895 omnia,
1308 844 1437 884 non
1465 826 1765 889 invenitur
1796 832 1910 892 nisi
1952 835 2015 893 in
2044 854 2215 912 orga-

412 926 416 930 -
504 922 536 926 ·-
1681 921 2211 998 nismisperfectis;

1678 1011 1978 1068 secundum
2024 1020 2210 1071 actum

1678 1115 1814 1155 vero
1841 1101 2207 1171 essentialem,

1678 1186 1782 1259 qui
1815 1197 1905 1245 est
1933 1187 2208 1249 intussus-

1678 1274 1880 1351 ceptio
1897 1321 1912 1346 ,
1971 1275 2092 1334 iam
2144 1277 2204 1336 in

1731 1362 1926 1438 prima
1969 1365 2155 1423 cuius-

1675 1470 1935 1526 cumque
2033 1472 2203 1529 orga-

1674 1539 1850 1598 nismi
1878 1541 2080 1598 cellula
2107 1560 2202 1600 ex-

1671 1638 1925 1687 ercetur.
2012 1630 2200 1705 Orga-

1712 1716 1936 1775 nismus
1977 1717 2140 1775 enim

1670 1804 1868 1863 omnis
1936 1808 2031 1864 vel
2107 1816 2197 1864 est

1668 1894 2195 1969 cellulaquaedam

1666 1984 1764 2042 vel
1822 2000 1895 2041 ex
1964 1982 2192 2041 cellulis

1666 2070 1974 2129 evolvitur.
2093 2070 2189 2127 Sic

1664 2159 1888 2234 gallina
1930 2178 2003 2219 ex
2050 2153 2211 2229 ovo,'

1664 2247 1831 2323 quod
1859 2258 1948 2305 est
1974 2246 2188 2306 cellula

1520 2324 1538 2345 ²
1572 2333 1592 2343 ”
1662 2335 1961 2410 quaedam
2004 2332 2185 2391 maio-

1013 2462 1018 2468 .
1659 2425 1741 2482 ris
1771 2419 2180 2491 dimensionis,

829 2503 926 2555 Fig.
959 2518 998 2544 2·
1656 2512 1963 2572 evolvitur.

289 2589 658 2668 Plerumque
703 2605 908 2656 tamen
968 2600 1185 2659 cellula
1244 2610 1333 2659 est
1389 2603 1809 2677 corpusculum
1868 2597 2178 2675 quoddam

160 2685 288 2734 tam
331 2678 647 2754 minutum,
695 2693 761 2742 ut
802 2686 981 2746 nudis
1038 2688 1230 2747 oculis
1285 2691 1549 2766 perspici
1602 2709 1730 2749 non
1791 2688 1993 2763 possit.
2077 2684 2178 2741 Ad

157 2852 375 2903 laissant
412 2857 488 2906 les
525 2868 726 2921 autres,
781 2873 834 2912 et
885 2881 941 2913 se
994 2866 1068 2914 les
1117 2866 1358 2915 assimile.
1436 2868 1708 2916 Comment
1744 2881 1799 2913 se
1836 2861 2042 2928 produit
2093 2868 2174 2907 cet

156 2936 302 2982 acte?
353 2936 617 3003 Pourquoi
657 2942 728 2991 tel
768 2943 894 2992 tissu
932 2945 1094 2996 forme
1135 2947 1203 2995 de
1242 2945 1427 2995 fibrine
1466 2962 1531 2994 ne
1569 2944 1789 3009 prend-il
1818 2945 1944 2990 dans
1970 2939 2017 2987 le
2043 2953 2171 3001 sang

155 3029 257 3077 que
296 3014 364 3064 de
404 3017 454 3065 la
493 3018 714 3069 fibrine?
789 3023 1047 3088 Pourquoi
1087 3026 1157 3074 tel
1198 3033 1367 3084 autre,
1410 3023 1653 3088 compose'
1689 3020 2029 3076 d'albumine,
2085 3013 2170 3075 n'y

156 3094 404 3156 puise-t·il
457 3114 556 3161 que
610 3110 746 3151 cette
798 3103 1105 3154 substance?
1180 3104 1436 3167 Pourquoi
1489 3119 1556 3150 un
1596 3101 1879 3159 troisieme,
1934 3113 1998 3144 ne
2051 3108 2167 3141 con·

157 3181 340 3223 tenant
377 3187 478 3241 que
506 3180 597 3228 des
632 3181 734 3230 sels
762 3182 1021 3244 calcaires,
1063 3201 1130 3233 ne
1155 3183 1377 3249 prend-il
1403 3197 1501 3246 que
1528 3182 1619 3230 des
1645 3180 1778 3229 sels?
1828 3176 1993 3234 Enfin,
2036 3188 2165 3221 com-

155 3263 294 3302 ment
332 3271 419 3304 ces
459 3257 710 3310 e'lements
748 3264 1056 3312 arrivent-ils
1096 3261 1126 3312 ὲ
1162 3262 1443 3327 participer
1480 3257 1511 3308 ὲ
1547 3260 1597 3307 la
1632 3259 1713 3307 vie
1752 3257 1841 3304 des
1869 3255 2018 3302 tissus
2044 3250 2162 3333 lors-

154 3332 306 3395 qu’ils
344 3352 400 3385 se
439 3348 556 3387 sont
595 3342 884 3391 assimi165?
959 3343 1097 3392 Tout
1134 3351 1311 3389 autaut
1349 3342 1415 3389 de
1466 3337 1726 3402 questions
1777 3328 2069 3393 auxquelles
2126 3324 2159 3369 11

154 3421 230 3461 est
282 3414 584 3479 impossible
637 3422 702 3469 de
755 3422 1028 3485 repondre.
1107 3421 1255 3469 Nous
1307 3431 1525 3466 sommes
1579 3415 1644 3462 ici
1696 3428 1760 3460 en
1799 3410 2043 3472 presence
2095 3400 2158 3444 de
