2367 3850
194 47 211 70 ἱ
286 21 317 46 =-·‘.v
346 21 363 50 ..ζ
382 11 421 34 '⁵¹5⁷

178 243 265 278 DE
308 242 643 280 PRAECIPUIS
684 240 1021 280 POTESTATIS
1060 241 1264 280 CIVILIS
1303 243 1530 280 IURIBUS
1567 243 1640 280 ET
1679 242 1936 280 OFFICIIS.
2014 238 2112 294 351

135 391 477 450 «staatlidze
531 391 996 466 Zwangssclzule»
1016 437 1035 461 ‚
1108 391 1553 466 «Schulzwang»
1574 437 1592 462 ,
1661 392 2117 465 «Lernzwang».

128 482 229 538 Ex
275 479 493 554 quibus
535 481 782 540 diversis
824 481 1084 556 cogendi
1125 481 1319 540 modis
1361 481 1586 557 primus
1627 498 1951 556 numquam
1983 480 2121 556 legi-

126 569 319 628 timus
359 587 489 629 esse
532 580 759 646 potest,
816 571 1111 630 secundus
1152 589 1299 630 vero
1341 582 1401 630 et
1441 569 1644 630 tertius
1661 617 1674 642 ,
1737 569 1952 629 debitis
2007 587 2120 628 ser-

126 658 291 717 vatis
332 657 807 733 condicionibus,
852 659 1083 719 admitti
1125 661 1220 719 vel
1263 659 1506 736 probari
1547 669 1795 735 possunt
1821 659 1855 717 ¹.

466 825 517 893 ἓ,
541 841 588 892 3.
654 831 741 879 De
778 830 897 880 iure
934 845 1183 894 poenam
1221 831 1416 880 mortis
1453 831 1737 880 statuendi
1753 826 1790 878 ².

258 943 405 1002 Non
446 944 762 1004 defuerunt
802 945 904 1021 qui
948 946 1283 1005 auctoritati
1319 946 1478 1005 civili
1505 946 1594 1005 ius
1622 965 1882 1023 poenam
1911 943 2120 1021 capitis

127 1033 438 1092 statuendi
458 1034 915 1110 denegaverint:
948 1035 1103 1094 inter
1121 1035 1504 1108 recentiores,
1526 1035 1758 1093 Alzrens
1777 1045 1835 1094 et
1853 1035 2120 1092 Holtzen-

133 1123 323 1196 dorff
398 1123 672 1196 Quorum
712 1123 977 1184 rationes
1017 1125 1378 1201 praecipuae
1420 1126 1534 1184 hae
1576 1135 1740 1183 sunt:

266 1233 317 1270 1.
361 1213 567 1270 Poena
603 1213 814 1289 capitis
844 1224 932 1272 est
959 1215 1197 1284 inutilis,
1242 1216 1381 1291 quia
1409 1223 1698 1290 perpetua
1724 1212 2118 1272 incarceratio

130 1300 415 1360 homines
456 1302 826 1360 facinorosos
867 1321 994 1362 non
1035 1304 1230 1362 minus
1272 1303 1594 1363 efficaciter
1634 1302 1914 1379 impedit,
1979 1320 2121 1377 quo·

129 1391 333 1449 minus
362 1408 523 1450 nova
550 1391 821 1451 facinora
848 1403 1211 1468 perpetrent,
1243 1413 1423 1470 quam
1451 1411 1650 1468 poena
1677 1391 1903 1468 capitis,
1933 1391 2118 1450 immo

129 1480 329 1554 magis
355 1479 625 1556 impedit,
668 1498 806 1539 cum
845 1480 1278 1556 ignominiosus
1317 1501 1522 1542 carcer
1563 1502 1600 1540 a
1639 1480 1903 1557 plurimis
1930 1479 2119 1555 magis

130 1567 417 1628 timeatur
458 1571 638 1645 quam
678 1587 879 1646 poena
922 1571 1143 1630 mortiS.

257 1726 276 1758 ¹
316 1729 633 1792 Quibusnam
670 1731 721 1780 in
760 1731 989 1792 casibu5‚
1043 1741 1244 1782 servato
1281 1732 1388 1782 iure
1425 1732 1711 1793 Ecclesiae,
1753 1730 1997 1780 eiusmodi
2037 1746 2115 1779 co-

130 1810 270 1858 actio
307 1809 512 1874 probari
550 1811 730 1874 possit,
770 1811 852 1860 hic
880 1811 1131 1877 inquirere
1157 1829 1260 1862 non
1285 1829 1568 1877 possumus,
1610 1828 1722 1862 cum
1748 1812 1800 1859 in
1827 1811 1920 1860 hac
1947 1811 2115 1874 dispu-

132 1891 327 1940 tatione
366 1890 432 1939 ad
468 1891 695 1941 ordinem
734 1892 1009 1942 naturalem
1034 1893 1181 1943 unice
1220 1894 1540 1944 attendentes
1578 1910 1607 1941 a
1640 1892 1832 1942 iuribus
1859 1891 2114 1941 Ecclesiae

134 1970 371 2019 consulto
420 1972 781 2023 abstrahamuS.
858 1974 1123 2036 Quaenam
1158 1990 1278 2023 vero
1317 1975 1416 2024 sint
1454 1974 1707 2023 Ecclesiae
1746 1973 2025 2023 catholicae
2063 1974 2112 2021 in

134 2051 339 2101 scholas
360 2052 469 2099 iura
487 2060 539 2101 et
555 2052 733 2112 officia,
757 2052 1153 2103 institutionibus
1175 2055 1294 2105 iuris
1315 2056 1547 2105 canonici
1569 2063 1882 2119 compertum
1901 2054 2117 2104 habebis

133 2128 225 2194 (cf.
268 2132 566 2195 Bargilliat,
604 2134 977 2183 Praelectiones
1016 2135 1137 2184 iuris
1175 2137 1403 2185 canonici
1441 2152 1490 2185 n.
1534 2136 1634 2200 568
1673 2133 1830 2200 sqq.).
1905 2134 2114 2183 Interim

131 2212 264 2261 haec
301 2228 331 2259 a
369 2212 424 2261 P.
462 2212 509 2261 T
511 2212 663 2264 heod.
704 2216 883 2277 Meyer
918 2215 969 2265 S.
1003 2216 1047 2279 J.
1088 2216 1317 2280 exposita
1365 2216 1614 2281 principia
1664 2215 1933 2265 memoriae
1985 2231 2116 2263 com-

134 2292 374 2341 mendes:

266 2386 308 2422 1.
356 2389 377 2416 <z
390 2372 623 2423 Obiective
658 2392 830 2425 revera
865 2383 1026 2425 exstat
1045 2377 1251 2441 aliquod
1267 2378 1345 2425 ius
1368 2378 1628 2442 efficaciter
1650 2378 1900 2441 obligandi
1919 2384 1965 2425 et
1985 2377 2114 2437 hinc,

133 2460 383 2517 quantum
420 2460 539 2517 opus
559 2455 758 2518 suerit,
812 2458 1125 2520 compellendi
1144 2464 1332 2522 pueros
1368 2459 1657 2506 christianos
1706 2459 1778 2505 ad
1814 2458 2115 2506 subeundam

133 2535 490 2583 institutionem
526 2536 737 2599 singulis
771 2539 1091 2586 necessariam
1107 2557 1131 2597 ,·
1181 2554 1356 2587 verum
1392 2539 1480 2587 hoc
1515 2540 1593 2586 ius
1616 2540 1866 2601 primario
1902 2544 1949 2587 et
1996 2544 2114 2586 tam-

134 2630 288 2679 quam
314 2616 581 2679 proprium
617 2616 691 2664 ad
719 2618 1093 2677 ecclesiasticam,
1131 2617 1419 2668 secundario
1444 2625 1640 2667 tantum
1664 2624 1712 2666 et
1731 2618 1937 2667 subsidii
1957 2619 2120 2667 instar

137 2696 209 2743 ad
238 2696 425 2743 cubilem
461 2698 798 2746 auctoritatem
823 2699 1085 2761 pertinet.»

261 2787 307 2824 2.
368 2776 494 2824 «Ubi
538 2777 595 2825 de
644 2778 944 2828 institutione
994 2786 1042 2829 et
1083 2780 1284 2829 interna
1333 2780 1589 2829 directione
1633 2780 1912 2829 scholarum
1963 2781 2118 2828 civilis

136 2858 403 2905 auctoritas
440 2873 549 2905 cum
581 2860 888 2907 ecclesiastica
923 2861 1104 2909 sincere
1141 2860 1422 2919 concordat,
1461 2862 1710 2909 moderata
1746 2862 1914 2925 aliqua
1951 2861 2118 2923 legalis

138 2938 393 3000 disciplina
428 2940 749 2988 consentiente
774 2938 992 2989 Ecclesia
1017 2941 1214 3004 publice
1248 2943 1453 3001 sancita,
1491 2958 1592 3005 qua
1629 2948 1727 2990 tota
1752 2942 1964 3004 puerilis
1986 2948 2118 2989 aetas

138 3018 211 3065 ad
238 3033 384 3065 usum
422 3017 701 3067 scholarum
738 3019 1004 3084 efficaciter
1036 3022 1300 3085 obligatur,
1326 3024 1544 3086 practice
1583 3021 1884 3071 omnimodae
1908 3021 2122 3070 scholari

138 3098 353 3147 libertati
372 3099 514 3163 longe
525 3100 860 3163 praeferenda
884 3109 956 3150 est
964 3120 989 3159 ,·
1024 3117 1085 3150 ex
1109 3104 1305 3151 inverso
1331 3104 1638 3153 contrarium
1652 3104 1822 3166 potius
1844 3102 2115 3161 dicendum,

138 3178 429 3243 ubicumque
476 3187 684 3245 systema
734 3181 954 3231 scholare
990 3184 1258 3231 coactivum
1307 3190 1563 3247 tamquam
1598 3185 1836 3232 institutio
1878 3183 2119 3233 exclusive

140 3260 295 3308 abn'lis
328 3260 431 3308 illis
468 3262 825 3309 condicionibus
862 3270 1021 3313 caret»
1068 3260 1257 3327 (Instit.
1299 3263 1390 3313 iur.
1431 3272 1530 3313 nat.
1570 3264 1636 3325 ΙΙ,
1679 3273 1778 3325 722
1819 3272 1871 3312 et
1910 3260 2056 3327 724).

262 3352 285 3383 ⁹
320 3357 403 3405 De
439 3356 536 3407 hac
560 3374 616 3407 re
643 3358 817 3408 confer
846 3359 1094 3420 Cathrein,
1134 3360 1628 3426 Moralphilosophie
1653 3360 1719 3420 II,
1761 3361 1862 3423 643
1902 3378 2028 3427 sqq.,
2069 3371 2118 3409 et
2192 3410 2199 3418 ,

150 3438 238 3486 Th.
278 3438 469 3503 Meyer,
507 3438 669 3489 Instit.
710 3439 800 3489 iur.
842 3449 943 3489 nat.
983 3440 1048 3501 11,
1090 3440 1192 3503 605
1234 3456 1343 3505 sqq.
