2367 3850
582 227 661 263 DE
700 227 1183 264 RESURRECTIONE
1222 227 1555 264 CORPORUM.
1959 225 2052 280 159

8 392 12 397 ·
54 373 334 431 humana
380 393 417 430 a
445 376 603 433 De0.
678 375 956 434 Similiter
983 393 1297 451 processus
1324 375 1480 433 vitae
1517 385 1604 433 est
1633 375 1836 434 similis
1876 394 2058 450 quan-

60 473 194 519 tum
240 463 321 520 ad
366 480 602 539 eoerS,
649 463 755 522 sed
794 483 918 522 non
949 475 1234 540 quantum
1265 465 1344 522 ad
1372 464 1650 535 animam,
1695 463 1836 539 quia
1877 465 2061 522 homo

60 550 387 626 intellegit,
431 571 559 610 non
603 571 748 611 vero
789 554 967 612 belua
994 555 1027 612 ¹.

196 643 385 700 «Inst.
456 643 680 701 Beluae
724 653 1011 718 appetunt
1072 661 1201 702 esse
1265 661 1502 719 semper
1561 642 1711 702 sicut
1769 643 2060 712 homines,

64 748 275 805 neque
318 741 525 789 tamen
568 731 933 792 immortales
976 742 1124 791 sunt.
1169 763 1250 771 —
1293 732 1458 808 Resp.
1535 732 1754 791 Beluae
1797 749 1921 790 non
1963 751 2064 807 ap·
2111 751 2114 756 ·

70 829 287 894 petunt
346 838 479 879 esse
520 837 786 896 semper,
844 821 952 880 sed
993 821 1219 879 habent
1259 831 1482 879 tantum
1541 821 1881 880 instinctum
1924 840 2063 879 con·

66 909 433 967 servationis
474 909 537 968 in
580 910 935 986 praesentia.

188 999 298 1056 Ad
347 1015 401 1074 5.
461 1000 691 1057 «Status
732 999 1121 1075 separationis
1164 1018 1201 1058 a
1241 1017 1498 1075 corpore
1541 1018 1651 1074 pro
1694 999 1893 1058 anima
1935 1017 2058 1057 non

71 1099 159 1145 est
199 1087 478 1158 miseria,
524 1107 722 1164 neque
766 1088 1087 1164 quicquam
1130 1089 1341 1160 habet,
1396 1088 1562 1163 quod
1605 1090 1801 1146 Deum
1843 1087 2064 1147 miseri-

72 1177 331 1236 cordem
376 1177 455 1239 ad
484 1177 939 1254 annihilandam‘
961 1177 1221 1236 animam
1263 1177 1484 1236 invitet.
1545 1177 1746 1237 Omne
1773 1176 1853 1248 id,
1898 1177 2064 1252 quod

70 1265 313 1324 animae
362 1267 426 1324 in
466 1267 580 1324 isto
624 1276 775 1324 statu
815 1266 986 1325 deest
1002 1313 1015 1339 ,
1064 1267 1176 1343 ipsi
1220 1267 1502 1324 convenit
1541 1276 1768 1325 tantum
1811 1266 1870 1323 in
1915 1276 2065 1324 statu

72 1353 583 1414 coniunctionis»
614 1356 636 1389 ²

191 1444 440 1518 Quibus
498 1446 774 1504 omnibus
828 1445 1172 1516 declaratis,
1233 1445 1619 1521 intellegitur,
1679 1463 1859 1520 quam
1901 1455 2063 1503 recte

70 1534 222 1592 haec
282 1535 409 1591 sint
461 1553 499 1592 a
540 1534 871 1592 Melchiore
914 1535 1086 1593 Cano
1142 1533 1334 1593 dicta:
1401 1536 1770 1593 «Erroneum
1811 1545 1928 1606 est,
1987 1552 2063 1594 ne

72 1623 275 1681 dicam
322 1623 715 1696 haereticum,
772 1641 1036 1682 asserere
1079 1625 1314 1682 animae
1362 1624 1862 1682 immortalitatem
1905 1631 2067 1681 natu-

69 1713 187 1768 rali
227 1714 469 1770 ratione
512 1712 908 1772 demonstrari
951 1732 1074 1771 non
1117 1731 1348 1788 posse.»
1377 1714 1396 1744 ³

846 1900 1175 1948 ARTICULUS
1218 1911 1301 1949 111.

492 2015 589 2063 DE
627 2014 1217 2064 RESURRECTIONE
1257 2006 1658 2064 CORPORUM.

190 2136 362 2195 Cum
388 2138 658 2213 perfecta
684 2138 943 2197 hominis
985 2137 1290 2197 beatitudo
1321 2138 1395 2196 sit
1420 2137 1482 2195 in
1513 2139 1694 2196 altera
1726 2138 1843 2195 vita
1872 2157 2062 2213 eaque

78 2227 407 2285 immortali
451 2228 898 2303 consequenda,
942 2228 1183 2286 ulterius
1225 2227 1322 2285 hic

194 2325 522 2387 Quaeritur,
562 2333 747 2374 utrum
784 2325 973 2374 anima
1009 2332 1142 2387 post
1178 2332 1420 2373 mortem
1457 2340 1492 2374 a
1517 2336 1772 2387 corpore·
1792 2333 2063 2387 perpetuo

80 2412 341 2467 separata
380 2406 565 2455 futura
602 2406 691 2464 sit,
730 2418 803 2455 an
842 2406 1185 2455 admittenda
1223 2406 1296 2454 sit
1331 2406 1664 2455 resurrectio
1705 2406 1974 2467 eorporis.

194 2503 553 2565 Responsio.
629 2515 676 2553 1.
707 2494 854 2551 Fide
881 2504 1107 2552 certum
1138 2503 1228 2552 est
1256 2493 1511 2551 futurum
1541 2511 1686 2565 esse,
1719 2503 1781 2551 ut
1808 2512 2066 2569 persona

78 2582 345 2640 humana
386 2593 580 2641 morte
622 2582 907 2641 dissoluta
948 2582 1179 2658 integre
1228 2593 1537 2656 reparetur
1593 2582 1690 2641 die
1733 2582 1834 2640 illo
1877 2583 2066 2641 novis-

78 2669 224 2728 simo
241 2716 257 2742 ,
322 2689 449 2746 quo
506 2672 723 2729 mortui
777 2672 855 2730 de
912 2672 1296 2747 corruptione
1353 2682 1663 2746 resurgent
1718 2672 2062 2746 incorrupti,

79 2778 195 2816 cum
236 2769 478 2836 corpore
517 2762 718 2818 scilicet
750 2761 1013 2833 glorioso,

191 2858 447 2916 Modum
488 2858 743 2935 proinde
787 2858 951 2934 quod
992 2858 1231 2929 attinet,
1289 2877 1411 2934 quo
1456 2858 1533 2917 de
1577 2859 1763 2929 factO,
1820 2867 2066 2933 propter

86 2948 485 3007 elevationem
527 2947 785 3006 hominis
828 2947 906 3005 ad
937 2947 1210 3006 ordinem
1240 2949 1767 3023 supernaturalem,
1810 2950 1910 3007 fiet
1938 2965 2063 3005 cor-

82 3054 297 3111 porum
339 3038 715 3109 resurrectiO,
761 3038 912 3095 ratio
954 3038 1216 3095 humana
1263 3056 1381 3112 qua
1422 3038 1554 3095 talis
1595 3036 1739 3094 nihil
1771 3037 1908 3096 scit:
1955 3037 2064 3095 sub

202 3248 219 3279 ¹
259 3251 315 3299 S.
365 3251 555 3310 Thom„
596 3250 645 3299 S.
686 3250 841 3299 theol.
884 3250 923 3311 1,
964 3268 1011 3315 q.
1057 3250 1137 3310 76,
1180 3266 1224 3297 a.
1266 3250 1298 3297 6
1339 3250 1404 3297 ad
1450 3263 1492 3297 1.

204 3326 226 3359 ²
266 3331 654 3395 Responsiones
692 3330 803 3379 illas
842 3330 1070 3379 invenies
1108 3330 1244 3393 apud
1273 3330 1420 3379 Pescla
1460 3330 1491 3378 l.
1520 3345 1563 3378 c.
1592 3329 1684 3388 III,
1724 3328 1828 3389 498
1867 3338 1915 3377 et
1942 3342 2060 3388 499.

203 3407 224 3439 ⁸
264 3412 349 3458 De
387 3411 514 3459 locis
554 3410 708 3460 theol.
749 3410 782 3459 l.
831 3424 907 3469 12,
950 3426 992 3457 c.
1041 3420 1117 3471 15,
1158 3426 1306 3473 prop.
1350 3422 1395 3469 3.
