2367 3850
321 216 350 252 2
363 217 382 252 1
393 217 423 252 2
531 235 538 240 ·
949 216 1282 254 THEOLOGIA
1322 215 1664 255 NATURALIS.

319 381 598 436 sel-emus,
655 382 790 422 cum
835 365 1037 423 omnia
1081 365 1199 424 Dei
1241 367 1520 424 attributa
1563 365 2063 441 perspexerimus,
2148 363 2301 422 Reli-

317 472 499 528 quum
543 452 799 529 proinde
841 465 948 526 est,
996 464 1059 512 ut
1097 453 1218 513 hoc
1260 456 1457 530 capite
1499 455 1580 513 de
1620 455 2082 514 conservatione
2122 463 2185 512 et
2224 454 2300 510 de

319 561 612 601 concursu
655 542 862 601 divino
903 541 1191 602 dicamus.

1100 714 1433 762 Aa¹r1cutus
1473 725 1509 761 1.

544 826 642 874 DE
679 826 826 874 DEO
865 827 1114 876 RERUM
1151 826 1445 878 OMNIUM
1482 826 2074 876 CONSERVATORE.

436 959 660 1008 Thesis.
749 949 1068 1008 Creaturas
1119 969 1309 1007 omnes
1360 957 1655 1010 conservat
1692 952 2111 1009 conservatione
2150 951 2297 1025 posi-

318 1041 441 1096 tiva
482 1057 656 1114 eaque
693 1039 908 1096 directa
946 1041 1063 1115 {ose
1103 1038 1286 1096 Deus.

438 1179 632 1228 Status
667 1180 1032 1241 quaestionis.
1119 1171 1475 1228 Conservare
1528 1169 1757 1246 aliquid
1810 1172 2142 1244 generatim
2200 1172 2295 1229 du-

317 1259 550 1335 pliciter
589 1259 710 1318 dici
752 1271 962 1335 potest,
1007 1260 1285 1335 negative
1329 1259 1553 1318 scilicet
1594 1270 1655 1318 et
1695 1258 1966 1334 positive.

435 1347 724 1422 Negative
762 1366 890 1408 rem
932 1350 1195 1423 aliquam
1253 1357 1597 1418 conservat,
1656 1349 1761 1424 qui
1802 1349 1994 1424 ipsam
2036 1367 2158 1406 non
2201 1348 2295 1406 de-

317 1438 500 1495 struit.
587 1436 707 1510 Qui
748 1437 1026 1512 negative
1067 1455 1197 1496 rem
1240 1448 1572 1508 conservat,
1614 1439 1840 1495 nullam
1883 1455 2093 1496 revera
2130 1437 2295 1512 ponit

317 1523 617 1584 actionem
657 1527 902 1585 relative
945 1527 1024 1584 ad
1063 1544 1195 1585 rem
1238 1527 1715 1586 conservandam
1756 1527 1855 1585 vel
1896 1544 2023 1585 non
2064 1544 2295 1584 conser-

317 1615 595 1673 vandam.
681 1614 1058 1673 Architectus
1112 1633 1164 1674 e.
1214 1633 1273 1690 g.
1329 1615 1606 1690 negative
1662 1626 1980 1674 conservat
2034 1615 2291 1685 domum,

321 1722 500 1777 quam
542 1704 838 1774 exstruxit,
883 1722 958 1762 eo
1001 1705 1167 1778 quod
1210 1704 1399 1779 ipsam
1441 1722 1567 1763 non
1609 1703 1875 1762 destruit.

437 1793 684 1851 Positive
725 1803 1040 1851 conservat
1081 1811 1211 1852 rem
1252 1794 1332 1863 is,
1392 1792 1493 1867 qui
1534 1793 1789 1869 positiva
1830 1793 2069 1851 actione
2113 1791 2290 1850 influit
2344 1847 2346 1897 Ι

317 1881 378 1939 in
418 1880 587 1941 huius
630 1882 715 1941 rei
757 1882 1238 1958 permanentiam
1280 1882 1343 1941 in
1386 1901 1533 1943 esse.
1591 1881 1777 1957 Quod
1815 1881 2133 1959 dupliciter
2170 1881 2288 1941 fieri

319 1982 530 2047 potest,
577 1971 802 2031 directe
845 1983 905 2031 et
945 1972 1255 2032 indirecte.
2342 2034 2344 2045 ἢ

437 2061 718 2119 Indirecte
759 2071 1089 2133 conservat,
1134 2063 1237 2137 qui
1280 2063 1518 2121 actione
1560 2080 1666 2120 sua
1707 2071 1978 2121 removet
2015 2063 2109 2120 vel
2136 2070 2285 2119 arcet
2342 2098 2344 2170 Α

317 2167 408 2220 ea,
455 2168 608 2224 quae
651 2168 779 2209 rem
808 2150 1111 2209 destruere
1153 2151 1401 2226 possint.
1474 2150 1572 2210 Sic
1614 2151 1909 2209 indirecte
1951 2152 2192 2209 domum
2234 2149 2286 2206 in

321 2256 450 2297 esse
511 2250 826 2298 conservat
879 2238 983 2315 qui
1037 2240 1317 2316 impedit,
1376 2240 1693 2315 quominus
1735 2239 1935 2314 pluvia
1976 2241 2073 2298 vel
2114 2238 2286 2297 ventis
2340 2288 2342 2295 .

313 2327 676 2401 destruatur3
737 2330 823 2387 sic
867 2328 1044 2387 etiam
1088 2328 1379 2388 indirecte
1420 2328 1695 2388 virtutem
1746 2347 1915 2387 suam
1966 2339 2281 2396 conservat,

322 2416 424 2491 qui
466 2428 736 2493 removet
777 2416 1128 2476 occasiones
1169 2418 1486 2493 peccandi.

435 2505 671 2565 Directe
701 2524 847 2566 vero
877 2525 1003 2565 rem
1033 2517 1369 2578 conservat,
1415 2506 1517 2581 qui
1548 2506 1783 2565 actione
1814 2524 1920 2565 sua
1949 2505 2144 2581 ipsum
2172 2523 2283 2564 esse

316 2594 404 2653 rei
447 2605 749 2654 sustentat.
811 2596 908 2654 Sic
947 2596 1173 2655 directe
1203 2597 1478 2654 virtutem
1516 2595 1776 2671 aliquam
1819 2596 2155 2667 couservat,
2198 2594 2283 2669 qui

319 2694 483 2743 actus
503 2695 744 2744 exercet
762 2685 899 2743 huic
918 2685 1113 2743 virtuti
1135 2685 1706 2761 correspondentes3
1731 2684 1817 2742 sic
1836 2685 2035 2756 etiam,
2062 2684 2283 2759 quando

317 2792 498 2831 manu
557 2775 819 2850 lapidem
874 2774 1135 2833 sustineo
1192 2792 1372 2850 super
1425 2784 1643 2832 terram
1691 2774 2018 2843 elevatum,
2078 2772 2281 2832 directe
2336 2764 2338 2785 ³

322 2861 514 2937 ipsum
569 2880 864 2922 conservo
919 2864 979 2920 in
1035 2864 1138 2921 illo
1195 2880 1325 2922 esse
1368 2862 1753 2934 accidentali,
1814 2862 1980 2938 quod
2038 2872 2127 2921 est
2170 2878 2279 2921 esse

315 2951 701 3009 sublevatum.

439 3042 564 3098 Iam
593 3058 737 3099 vero
781 3038 1026 3099 evidens
1070 3050 1158 3099 est
1185 3042 1384 3098 Deum
1427 3050 1729 3098 creaturas
1759 3058 2117 3100 conservare
2158 3057 2273 3096 con-

319 3128 654 3187 servatione
710 3129 988 3205 negativa
1046 3130 1140 3187 vel
1198 3130 1375 3187 etiam
1438 3128 1692 3204 positiva
1748 3138 1925 3203 atque
1988 3128 2266 3187 indirecta.

321 3217 442 3276 Sed
483 3218 720 3276 ulterius
761 3218 912 3277 thesi
953 3229 1158 3276 nostra
1200 3217 1641 3277 contendimus:
2332 3276 2334 3295 2

443 3305 759 3363 Creaturas
798 3325 985 3364 omnes
1025 3310 1356 3364 conservari
1392 3309 1811 3365 conservatione
1839 3308 2091 3382 positiva
2126 3322 2267 3379 eaque
2332 3304 2334 3307 ⁴

324 3393 536 3449 directa
580 3394 651 3447 ab
692 3396 809 3467 ipso
850 3395 995 3451 Deo.
