2367 3850
274 166 376 202 120
699 166 1195 204 ANTHROPOLOGIA.
1261 167 1398 203 PARS
1439 167 1821 204 SYNTHETICAV.

390 325 584 374 Status
642 323 1005 386 quaestionis.
1084 316 1233 374 Unio
1287 326 1375 374 est
1424 314 1635 374 relatio
1650 360 1664 386 ,
1721 313 1782 373 vi
1831 316 2005 374 cuius
2061 316 2244 391 plures

268 422 363 462 res
418 403 499 461 ita
554 404 903 462 ordinantur
920 451 933 475 ,
1004 414 1066 462 ut
1125 423 1308 466 unum
1368 405 1463 463 vel
1517 414 1707 462 totum
1765 405 1912 480 quid
1965 404 2241 463 efficiant.

268 523 347 532 ——
389 493 653 568 Quando
707 492 898 568 agitur
952 493 1029 552 de
1084 493 1422 552 substantiis
1464 493 1563 551 sic.
1591 492 1942 552 ordinandis
1957 539 1972 565 ‚
2031 495 2243 570 duplex

268 581 598 656 generatim
645 581 1018 657 distinguitur
1058 582 1202 641 unio
1219 629 1232 653 ,
1290 580 1676 641 accidentalis
1717 578 1944 641 scilicet
1999 594 2071 641 et
2109 583 2244 641 :sub-

270 671 554 730 stantialis
582 672 614 729 ¹.

389 769 554 830 Unio
594 761 949 832 accidentalis
989 787 1067 827 ea
1103 779 1192 827 est
1231 769 1458 840 relati0,
1502 768 1561 826 vi
1599 769 1762 827 cuius
1801 771 1955 828 duae
1985 771 2247 828 substan·

273 858 390 916 tiae
432 857 513 916 ita
555 859 921 928 ordinantur,
986 868 1047 916 ut
1087 860 1149 916 in
1190 877 1296 916 sua
1335 857 1652 916 substantia
1690 865 1992 934 separatae
2035 859 2248 934 quidem

271 954 556 1018 maneant,
600 948 709 1006 sed
751 957 955 1005 tamen
996 965 1107 1022 per
1146 946 1394 1021 aliquod
1437 964 1757 1005 commune
1799 947 2091 1006 accidens
2130 949 2247 1005 sub·

270 1035 498 1096 stantiis
539 1037 653 1094 illis
695 1035 1122 1112 superveniens
1152 1035 1606 1111 quodammodo
1636 1035 2122 1111 coniungantur.-
2160 1036 2247 1093 Sic

272 1127 393 1185 duo
434 1125 611 1184 amici
653 1127 876 1184 unione
919 1123 1278 1183 accidentali
1319 1127 1468 1182 fiunt
1506 1124 1709 1182 anima
1749 1143 1900 1206 una,
1961 1144 2106 1204 non.
2148 1144 2248 1204 per

270 1215 602 1274 unitionem
644 1214 1003 1273 substantiae
1046 1214 1284 1273 alterius
1327 1213 1562 1273 animae
1593 1232 1728 1272 cum
1759 1217 1964 1286 altera,
2009 1214 2122 1273 sed
2149 1233 2247 1287 per

273 1314 437 1362 actus
478 1305 845 1362 voluntatum
888 1313 948 1362 et
986 1303 1609 1362 communicationem
1668 1303 2010 1362 affectuum.
2091 1295 2246 1361 Talis
2287 1338 2298 1351 ·

274 1402 362 1452 est
404 1393 580 1452 etiam
623 1392 766 1450 unio
808 1402 1025 1451 nautae
1068 1411 1205 1451 cum
1260 1392 1427 1464 navi,
1485 1391 1699 1466 equitis
1755 1395 2098 1467 cum'equo
2140 1397 2246 1450 etc.

272 1477 461 1556 (Unio
502 1481 892 1541 accidentalis
932 1482 1192 1552 moralis,-
1236 1481 1379 1539 unio
1421 1480 1806 1540 accidentalis
1849 1475 2141 1558 physica.)

397 1580 558 1638 Unio
600 1580 989 1637 substantialis
1032 1590 1120 1637 est
1157 1578 1385 1650 relatio,
1427 1578 1487 1636 vi
1515 1578 1679 1637 cuius
1707 1578 1862 1637 duae
1889 1579 2246 1637 substantiae

276 1669 355 1726 ita
375 1669 528 1726 inter
556 1686 619 1726 se
648 1667 1017 1739 ordinantur,
1048 1679 1111 1726 ut
1137 1686 1319 1726 unam
1349 1669 1732 1726 substantiam
1763 1667 2047 1726 efficiant.
2087 1667 2245 1726 Talis

276 1769 367 1815 est
405 1758 547 1815 unio
589 1757 873 1815 materiae
917 1766 977 1815 et
1020 1757 1246 1815 formae
1289 1756 1350 1814 in
1393 1757 1762 1833 corporibus,

402 1855 544 1916 Cum
585 1862 773 1912 autem
813 1857 965 1912 inter
1002 1856 1393 1924 substantiam,
1438 1857 1730 1912 essentiam
1743 1899 1760 1923 ‚
1824 1861 2098 1913 naturam
2138 1873 2245 1911 non

274 1944 352 2003 'sit
388 1946 503 2003 nisi
536 1945 815 2003 dtis-tinctio
856 1946 1097 2003 rationis
1138 1963 1258 2002 cum
1288 1944 1674 2019 fundamento
1715 1946 1776 2003 in
1819 1962 1914 2014 re,
1957 1933 2094 2003 unio
2130 1944 2246 2002 sub-

276 2035 562 2093 stantialis
602 2035 811 2093 debitur
850 2035 1019 2091 etiam
1059 2036 1195 2091 unio
1237 2035 1546 2103 essentialis
1586 2035 1680 2094 vel
1721 2034 2013 2092 naturalis
2036 2034 2072 2091 ⁹.

323 2207 325 2209 v
400 2133 618 2191 Sensus
658 2130 915 2209 proinde
954 2130 1138 2189 thesis
1180 2141 1420 2189 nostrae
1463 2140 1579 2189 est:
1633 2132 1726 2188 Ex
1759 2132 1990 2197 ‚unione
2021 2130 2246 2189 animae

278 2230 339 2279 et
380 2220 649 2297 corporis
693 2220 876 2278 oritur
916 2220 1096 2278 unica
1122 2229 1334 2278 natura
1361 2238 1552 2295 eaque
1584 2222 1902 2295 completa,
1946 2220 2121 2279 unica
2147 2219 2248 2277 sci-

279 2309 417 2368 licet
459 2310 799 2380 substantia,
846 2327 1001 2383 quae
1030 2326 1241 2367 omnes
1269 2309 1649 2383 operationes
1678 2309 1788 2366 sibi
1821 2320 2247 2367 consentaneas

278 2416 388 2475 per
429 2416 493 2457 se
535 2399 729 2475 ipsam
772 2416 1053 2457 exercere
1095 2408 1324 2473 potest,
1382 2397 1466 2456 ita
1516 2408 1582 2455 ut
1633 2398 1787 2457 haec
1841 2408 2054 2457 natura
2097 2416 2249 2456 com·

278 2490 439 2563 pleta
478 2505 677 2563 neque
719 2487 793 2546 sit
834 2506 1052 2563 corpus
1094 2488 1284 2545 solum
1324 2504 1526 2562 neque
1568 2488 1768 2545 anima
1809 2489 1957 2559 sola,
2010 2488 2112 2545 sed
2152 2486 2248 2543 ali·

281 2577 425 2652 quid
466 2576 701 2635 tertium
745 2595 819 2636 ex
859 2575 1001 2652 ipsis
1042 2578 1351 2648 resultanS,
1396 2577 1431 2634 i.
1479 2595 1529 2635 e.
1573 2578 1735 2634 homo
1759 2578 1796 2635 ⁸.

407 2788 424 2819 ¹
463 2790 539 2839 Cf.
580 2792 706 2839 haec
745 2806 857 2839 cum
886 2790 969 2850 iis,
1009 2804 1139 2852 quae
1177 2790 1243 2837 de
1281 2789 1469 2836 unitate
1509 2788 1560 2835 in
1587 2787 1851 2852 ontologia
1876 2788 2113 2886 explicita
2135 2798 2246 2835 sunt

282 2870 381 2918 vol.
422 2870 461 2929 Ι,
504 2882 606 2931 244
645 2879 695 2919 et
733 2881 853 2935 245.

405 2946 427 2979 ²
463 2949 651 2998 Recole
690 2966 763 3011 ea,
806 2966 935 3015 quae
974 2951 1037 2998 de
1074 2950 1171 2999 hac
1209 2965 1263 2998 re
1297 2948 1349 2996 in
1376 2924 1638 3013 ontologia
1665 2948 1924 2998 declarata
1949 2958 2062 2998 sunt
2085 2948 2178 2997 vol.
2206 2949 2242 3006 Ι,

284 3042 403 3091 232.
446 3029 564 3078 262.
605 3030 723 3092 367.

407 3107 429 3139 ⁸
460 3109 542 3159 Ne
556 3109 840 3159 difficiliora
854 3111 1160 3160 facilioribus
1175 3110 1589 3175 permisceantur,
1607 3110 1772 3158 minus
1787 3110 1964 3159 stricte
1979 3110 2240 3175 loquentes,

286 3190 351 3237 de
388 3190 573 3238 unione
609 3192 807 3240 animae
842 3198 891 3238 et
928 3193 1141 3255 corporis
1176 3191 1262 3240 hic
1300 3190 1529 3239 dicimus.
1582 3188 1660 3237 Ex
1695 3178 1930 3253 proximo
1963 3206 2084 3239 vero
2115 3189 2243 3252 quod

287 3270 508 3331 sequitur
543 3269 753 3316 articulo
792 3269 1157 3332 intellegemus,
1199 3270 1324 3318 duas
1361 3269 1680 3328 substantias,
1723 3284 1852 3333 quae
1891 3270 2139 3327 uniuntur,
2173 3284 2241 3315 re-

288 3361 407 3393 vera
444 3360 554 3409 esse
589 3347 811 3393 animam
848 3348 1137 3396 rationalem
1176 3356 1227 3397 et
1263 3352 1521 3398 materiam
1547 3350 1789 3412 primam.

332 3776 1027 3795 Qn-.m„
1791 3788 1794 3791 ⁴
1875 3774 1942 3794 JK
1961 3629 2328 3795 ..μη-Ι
