2367 3850
933 209 1012 245 nn
1049 209 1288 247 IUDICIO.
2030 199 2099 260 67

237 373 288 411 1.
355 355 748 431 Experientia
802 368 980 427 teste,
1037 358 1531 432 quotiescumque
1576 358 1793 418 iudicia
1834 360 2103 435 perfecta

97 442 202 498 vel
259 444 514 518 proprie
571 445 733 504 dicta
787 447 1199 517 efformamuS,
1262 447 1603 505 attributum
1657 459 1717 506 et
1771 449 2099 506 subiectum

95 548 236 588 non
264 531 622 608 simpliciter
650 536 1068 610 componimus
1095 537 1192 593 vel
1221 535 1557 607 dividimus,
1596 536 1705 595 sed
1732 539 2103 612 componimus

92 621 204 676 vel
238 621 552 680 dividimus
581 625 943 700 percipiendo
984 627 1136 682 inter
1175 626 1511 682 attributum
1562 632 1618 682 et
1654 625 1949 684 subtectum
1987 644 2102 684 esse

89 710 390 768 eiusmodi
424 713 787 782 relationem,
845 721 912 770 ut
947 715 1245 771 subiectum
1286 716 1641 772 contineatur
1676 717 1739 772 in
1784 717 2102 772 extensione

89 801 385 858 attributi
437 802 536 859 vel
588 804 926 860 attributum
991 805 1054 860 in
1112 803 1592 878 comprehensione
1650 805 1877 861 subiecti
1886 825 1907 874 ,·
1972 805 2100 862 aliis

89 889 343 947 verbis:
403 891 812 965 pronuntiatio
851 893 919 948 fit
963 909 1038 950 ex
1078 903 1400 968 perspecto
1448 910 1599 949 nexu
1640 893 1813 966 logico
1836 895 1868 950 ¹.
1952 894 2100 951 Idea

93 979 306 1050 enim,
370 998 525 1053 quae
567 980 901 1056 praedicati
945 998 1195 1039 munere
1246 980 1525 1056 fungitur,
1583 980 1993 1040 consideratur
2038 993 2099 1040 ut

91 1067 239 1124 idea
265 1070 630 1138 universalis,
665 1071 728 1128 in
757 1069 921 1128 cuius
950 1070 1298 1128 extensione
1328 1071 1657 1128 subiectum
1686 1071 2099 1147 pronuntiatur

93 1156 414 1216 contineri
453 1168 518 1216 ut
545 1167 697 1234 pars
741 1161 921 1233 logica
937 1160 976 1218 ².
1034 1161 1106 1216 In
1147 1159 1371 1217 iudicio
1415 1169 1614 1217 autem
1656 1159 2097 1235 apprehensivo

92 1247 406 1320 synthesis
434 1248 688 1306 duorum
716 1251 782 1306 fit
810 1268 845 1305 a
869 1248 1138 1307 subiecto
1167 1258 1575 1323 cognoscente
1604 1258 1851 1324 propter
1892 1267 2098 1307 nexum

83 1335 398 1409 physicum
440 1337 677 1395 illorum
721 1338 992 1396 duorum.

233 1424 359 1498 Qui
417 1425 665 1502 quidem
723 1444 910 1484 nexus
968 1424 1196 1501 duplici
1257 1425 1441 1482 modo
1502 1425 1725 1483 institui
1784 1435 1980 1501 potest
2038 1438 2097 1486 et

95 1531 324 1572 revera
366 1514 698 1574 instituitur.
785 1516 1236 1590 Saepenumero
1292 1514 1453 1572 enim
1506 1513 1589 1572 ita
1641 1517 1734 1584 fit,
1791 1526 1883 1586 ut,
1940 1534 2096 1590 quae

97 1614 278 1660 extra
321 1615 588 1662 mentem
643 1604 889 1680 physice
932 1614 1068 1662 sunt
1109 1604 1460 1676 coniuncta,
1516 1603 1641 1662 sive
1684 1603 1916 1662 ratione
1958 1623 2097 1662 con·

97 1701 276 1750 creta
318 1693 514 1768 spatii,
559 1693 683 1752 sive
726 1694 958 1752 ratione
1000 1701 1289 1751 concreta
1328 1692 1615 1767 temporis
1644 1687 1920 1767 (conexio
1958 1713 2098 1752 con·

97 1778 478 1857 secutionis),
527 1783 652 1842 sive
695 1782 926 1841 ratione
969 1791 1257 1840 concreta
1299 1781 1653 1839 causalitatis
1696 1777 1971 1855 (conexio
2016 1783 2098 1839 in·

101 1870 402 1943 trinseca,
463 1872 714 1932 influxus
769 1865 1099 1948 physicus),
1157 1889 1233 1930 ea
1274 1889 1408 1930 cum
1464 1871 1577 1928 hac
1632 1869 1763 1946 ipsa
1807 1871 2095 1930 relatione

102 1972 404 2020 concreta
446 1963 885 2021 coniunctionis
932 1960 1477 2039 apprehendantur.
1562 1960 1659 2018 Sic
1706 1961 1927 2019 animal
1968 1978 2097 2035 per·

102 2049 258 2125 cipit
300 2050 508 2127 ignem
565 2070 694 2111 esse
735 2052 850 2122 ibi,
910 2051 971 2108 in
1013 2050 1115 2109 tali
1152 2050 1292 2108 loco
1349 2058 1409 2107 et
1463 2066 1589 2105 non
1643 2048 1705 2105 in
1747 2048 1896 2121 alio,
1953 2050 2094 2107 item

101 2141 290 2197 talem
337 2142 622 2212 calorem,
669 2158 847 2216 quem
891 2139 1084 2211 sentit,
1128 2137 1383 2215 procedi
1424 2158 1461 2195 a
1499 2136 1601 2195 tali
1641 2137 1800 2213 igne.
1880 2139 2095 2213 Neque

104 2248 248 2287 raro
290 2248 482 2289 nexus
523 2230 624 2289 ille
665 2229 946 2306 physicus
1000 2228 1317 2287 instituitur
1370 2226 1433 2283 in
1489 2225 1755 2285 subiecto
1812 2244 1886 2285 ex
1939 2246 2095 2285 asso-

103 2318 374 2377 ciatione
430 2321 530 2377 illa
570 2320 820 2396 physica
869 2311 1198 2395 (psychica)
1252 2314 1603 2390 imaginum,
1663 2332 1735 2373 ex
1790 2333 1909 2390 qua
1961 2334 2095 2390 pro-

107 2498 501 2548 declarabimus.
555 2499 822 2547 obiectum
856 2499 988 2547 enim
1013 2495 1288 2546 voluntatis
1313 2509 1415 2542 non
1443 2502 1517 2541 est
1542 2508 1731 2552 verum,
1771 2494 1862 2541 sed
1886 2494 2091 2543 bonum.

107 2576 403 2638 Praeterea,
445 2579 487 2626 si
530 2579 793 2638 iudicium,
833 2586 888 2626 ut
926 2586 1066 2626 actus
1104 2576 1315 2634 elicitus,
1356 2581 1488 2621 esset
1526 2581 1665 2620 actus
1702 2573 1994 2633 voluntatis,
2035 2588 2094 2620 ea

109 2666 304 2705 tantum
340 2657 716 2718 affirmaremus,
756 2674 886 2723 quae
911 2657 1166 2706 vellemus.
1221 2652 1539 2718 Experientia
1574 2661 1741 2700 tamen
1777 2661 1902 2700 teste
1941 2652 2094 2699 multa

107 2736 416 2787 affirmamus
455 2754 582 2798 esse,
622 2754 752 2803 quae
790 2738 1042 2787 nolumus.
1107 2737 1289 2783 «Wfire
1330 2733 1420 2780 das
1448 2730 1610 2780 Urteil
1647 2732 1721 2779 als
1755 2733 1953 2781 solches
1977 2732 2092 2779 eine

107 2818 458 2883 Bethatigung
495 2820 586 2867 des
625 2818 901 2879 willens»,
941 2818 1008 2865 ait
1045 2818 1263 2866 Lehmen
1303 2814 1335 2861 l.
1375 2826 1417 2860 c.
1458 2827 1509 2875 p.
1550 2821 1677 2873 397,
1744 2828 1828 2859 «so
1865 2812 2090 2861 konnten

109 2898 198 2945 wir
233 2914 336 2947 nur
372 2900 464 2947 das
502 2899 570 2947 im
607 2898 768 2948 Urteil
806 2898 1040 2961 bejahen‚
1080 2912 1184 2945 was
1222 2894 1315 2942 wir
1348 2892 1552 2949 wellen,
1592 2892 1697 2938 und
1734 2892 1947 2940 mflssten
1987 2900 2093 2939 not-

111 2979 313 3043 wendig
350 2979 492 3039 alles,
533 2994 636 3027 was
674 2979 764 3027 wir
782 2979 942 3044 ,nicht
975 2977 1176 3036 wollen,
1216 2972 1506 3022 verneinen.
1558 2970 1821 3035 Bejahung
1844 2972 1948 3019 und
1974 2971 2092 3017 Ver-

111 3058 338 3123 neinung
374 3062 548 3107 w‘alren
585 3059 1054 3124 gleichbedeutend
1091 3055 1180 3104 mit
1207 3052 1413 3101 Wollen
1439 3052 1545 3099 und
1570 3050 1925 3099 Nichtwollen.
1970 3049 2091 3097 Nun

112 3139 170 3186 ist
207 3154 262 3187 es
302 3138 430 3188 aber
466 3139 581 3187 eine
620 3139 878 3187 bekannte
915 3136 1233 3193 Thatsache,
1287 3130 1398 3179 dass
1445 3130 1536 3177 wir
1571 3130 1645 3177 oft
1682 3130 1928 3194 bejahen,
1983 3128 2091 3176 dass

111 3228 262 3267 etwas
301 3220 390 3279 sei,
432 3219 563 3268 auch
601 3234 752 3269 wenn
791 3219 881 3267 wir
917 3234 972 3266 es
1012 3216 1265 3265 durchaus
1304 3208 1446 3258 nicht
1482 3208 1680 3268 wollen,
1721 3210 1823 3257 und
1863 3208 1973 3257 dass
2006 3208 2093 3255 wir

111 3299 263 3347 vieles
303 3300 378 3347 als
417 3300 558 3348 nicht
597 3300 777 3347 seiend
814 3299 1106 3357 verneinen‚
1146 3291 1379 3343 obschon
1418 3288 1511 3335 wir
1548 3303 1601 3335 es
1640 3289 1869 3337 wellen.»

235 3378 251 3408 ¹
292 3378 370 3427 Cf.
413 3380 514 3431 vol.
553 3380 593 3440 Ι,
635 3388 718 3441 35.
939 3376 961 3407 ²
998 3377 1126 3425 Ibid.
1167 3391 1218 3437 p.
1267 3374 1381 3421 180.

1692 3454 1767 3515 5.
