2367 3850
667 227 743 263 DE
784 225 1355 263 SUBSTANTIALITATE
1394 223 1512 260 DEI.
1986 217 2085 271 205

205 376 361 433 Pars
413 376 526 434 IV.
622 375 757 433 Ens
809 375 964 432 illud
992 374 1306 450 personale
1358 371 1518 447 quod
1561 388 1823 429 vocamus
1875 369 2090 438 Deum,

102 469 174 523 ita
199 472 279 524 est
303 467 546 524 realiter
570 475 904 524 distinctum
924 489 960 522 a
983 474 1223 530 mundo,
1257 473 1322 521 ut
1350 478 1549 535 neque
1578 460 1651 519 sit
1679 459 1807 535 ipse
1836 457 2093 517 mundus

104 573 286 631 neque
341 573 485 630 pars
541 555 848 629 quaedam
905 553 1134 611 mundi.
1236 551 1420 609 Cuius
1480 547 1823 608 assertionis
1877 546 2095 606 veritas

107 663 170 703 ex
205 643 568 720 pantheismi
611 644 972 702 refutatione
1016 639 1353 717 apparebit.
1439 639 1709 698 Etenim:

221 779 268 816 1.
299 758 708 816 Pantlzeismus
714 757 1030 834 perfectus,
1054 772 1440 832 quocumque
1460 754 1647 812 modo
1667 760 2095 828 propugnatur,

111 858 301 924 aperte
341 857 660 923 repugnat.

220 947 293 1002 Et
333 943 534 1020 primo
580 943 829 1019 quidem
850 990 864 1015 ,
925 952 1105 1018 prout
1146 959 1279 1001 esse
1338 939 1605 1000 divinum
1666 949 1725 998 et
1781 953 1961 1012 agere
2017 935 2101 994 di·

112 1035 300 1092 vinum
340 1033 720 1108 aliquatenus
763 1051 902 1092 cum
945 1032 1124 1091 rebus
1165 1029 1487 1089 mundanis
1529 1027 1883 1087 identificat:

226 1131 600 1190 Contradicit
661 1129 1087 1206 experientiae.
1192 1125 1581 1202 Experientia
1643 1126 1806 1185 enim
1866 1122 2101 1180 interna

117 1222 274 1280 simul
327 1231 385 1280 et
429 1211 682 1279 externa
738 1221 901 1279 clare
945 1218 1219 1276 videmus
1259 1235 1357 1275 res
1399 1215 1734 1273 mundanas
1788 1229 1914 1270 non
1971 1227 2099 1269 esse

119 1311 340 1368 unicam
391 1328 532 1368 cum
579 1311 716 1368 Deo
773 1307 1164 1368 substantiam
1184 1354 1199 1378 ,
1256 1305 1365 1364 sed
1420 1304 1604 1362 multa
1650 1303 1711 1360 in
1752 1301 1981 1360 mundo
2022 1297 2105 1356 in·

120 1399 320 1472 veniri,
379 1417 538 1474 quae
584 1398 820 1474 singula
863 1407 998 1456 sunt
1041 1395 1130 1455 sui
1172 1395 1331 1453 iuris
1419 1391 1744 1468 Speciatim
1799 1406 1942 1448 vero
1982 1387 2104 1444 hoc

125 1491 269 1547 clare
335 1487 605 1548 ostendit
673 1487 1082 1546 testimonium
1153 1482 1565 1542 conscientiae
1634 1489 1873 1539 nostrae
1943 1476 2105 1534 circa

125 1578 407 1636 actionum
450 1587 793 1636 nostrarum
838 1576 1166 1634 liberarum
1207 1569 1745 1648 imputabilitatem.

235 1674 609 1734 Contradicit
650 1673 887 1732 rationi.
973 1673 1175 1730 Deum
1220 1670 1381 1730 enim
1423 1667 1641 1727 scimus
1683 1683 1758 1724 ex
1799 1664 1900 1735 eiS,
1950 1677 2105 1736 quae

127 1767 410 1840 hucusque
456 1765 766 1824 declarata
808 1771 970 1833 sunt,
1031 1779 1162 1820 esse
1220 1778 1317 1816 ens
1357 1778 1397 1815 a
1435 1776 1527 1826 se,
1584 1755 1851 1814 absolute
1906 1765 2107 1809 neces-

129 1855 324 1913 sarium
340 1901 355 1927 ,
413 1872 660 1912 causam
717 1851 976 1930 primam
1033 1847 1304 1908 omnium
1358 1863 1559 1906 rerum
1615 1839 2104 1916 contingentium.

129 1944 370 2004 Mundus
411 1961 562 2003 vero
605 1941 939 2002 secundum
982 1948 1174 1997 totum
1218 1956 1387 1995 suum
1430 1952 1559 1995 esse
1588 1932 1898 1991 manifeste
1931 1927 2107 1987 nobis

130 2043 359 2110 apparet
385 2045 451 2093 ut
480 2052 580 2091 ens
607 2033 682 2089 ab
707 2032 844 2099 alio,
890 2028 1270 2103 contingens,
1314 2025 1673 2101 productum
1698 2022 1730 2078 ¹.
1787 2022 2109 2095 Repugnat

132 2134 308 2181 autem
361 2141 475 2181 ens
530 2141 568 2180 a
623 2140 688 2181 se
705 2167 719 2192 ,
778 2118 1186 2179 necessarium
1205 2162 1219 2187 ,
1276 2113 1719 2191 improductum
1774 2108 1934 2167 idem
1977 2120 2107 2163 esse

133 2212 330 2287 quoad.
353 2230 489 2271 esse
546 2221 606 2270 et
661 2228 843 2285 agere
899 2227 974 2266 ac
1029 2224 1127 2265 res
1167 2206 1246 2263 ab
1292 2204 1424 2280 ipso
1470 2200 1822 2277 productaS,
1879 2192 2106 2255 contin-

131 2312 336 2377 gentes,
379 2299 720 2373 mutabileS,
765 2299 978 2357 finitas.

235 2400 550 2474 Quatenus
609 2414 756 2455 vero
827 2412 938 2453 ens
997 2392 1259 2469 primum
1319 2396 1553 2465 ponunt
1622 2403 1751 2444 esse
1810 2400 1918 2441 ens
1977 2394 2105 2436 sese

137 2482 418 2561 evolvens,
477 2486 808 2546 absurdum
850 2483 1077 2542 dicunt.
1163 2481 1290 2537 Ens
1331 2476 1492 2537 enim
1539 2473 1685 2532 illud
1724 2472 1979 2548 primum
2022 2474 2109 2523 est

137 2595 226 2635 ens
263 2598 298 2636 a
339 2596 442 2653 se3
499 2577 610 2636 sed
652 2594 762 2634 ens
818 2592 856 2631 a
912 2589 975 2630 se
1019 2587 1151 2629 sese
1197 2568 1482 2626 evolvens
1538 2562 1698 2621 idem
1756 2570 1846 2619 est
1886 2577 1958 2616 ac
2001 2572 2107 2614 ens

136 2667 340 2727 infinite
382 2666 726 2743 perfectum
766 2661 1174 2739 perfectiones
1218 2656 1568 2731 acquirens3
1614 2650 1778 2726 quod
1820 2653 2111 2722 repugnat

138 2755 187 2813 in
224 2756 352 2833 ipso
395 2763 720 2830 conceptu.

240 2854 692 2914 Pantheismum
761 2848 986 2909 deinde
1057 2846 1319 2920 logicum
1342 2888 1355 2913 ,
1439 2849 1728 2916 quatenus
1798 2830 2108 2891 idealismo

142 2943 328 3003 Fichte
370 2942 645 3002 innititur
662 2986 677 3013 ,
733 2938 1011 3016 profecto
1054 2934 1272 2993 scimus
1316 2932 1465 2989 falso
1508 2926 1617 2986 niti
1660 2923 2047 2983 fundamento
2070 2918 2106 2975 ².

244 3032 660 3091 Pantheismus
702 3027 969 3101 denique
1002 3023 1304 3099 perfectus
1334 3015 1581 3078 destruit
1608 3030 1849 3073 omnem
1877 3005 2108 3066 morali-

142 3131 322 3193 tatem,
365 3138 506 3179 cum
545 3118 818 3178 actiones
845 3116 1154 3182 humanaS,
1202 3126 1349 3184 quas
1379 3106 1473 3165 vel
1502 3102 1755 3161 maxime
1786 3110 1982 3172 turpes
2010 3094 2108 3151 ha-

144 3211 332 3269 bemus
348 3258 362 3283 ,
421 3208 758 3269 secundum
814 3205 976 3262 hanc
1029 3196 1389 3259 sententiam
1443 3191 1591 3251 nihil
1639 3188 1799 3247 aliud
1841 3184 1956 3243 sint
1996 3181 2108 3239 nisi

259 3420 277 3451 ¹
313 3422 388 3471 cf.
427 3422 532 3472 vol.
574 3422 614 3481 1,
655 3399 778 3480 4'08.
929 3412 951 3443 2
991 3413 1070 3461 cf.
1110 3410 1210 3458 vol.
1252 3410 1291 3466 1,
1340 3417 1434 3464 142
1475 3411 1523 3449 et
1570 3410 1683 3458 143.
