2367 3850
283 221 385 281 ²98
862 231 1093 270 ETfflcA.
1160 233 1299 268 PARS
1340 233 1680 271 GENERALIS.

402 381 653 440 Modum
698 398 843 440 vero
885 389 1264 440 constantem
1303 391 1365 439 et
1391 379 1770 450 uniformem,
1813 398 2004 454 quem·
2023 398 2122 437 res
2149 397 2259 436 ser-

278 480 420 529 vant
460 470 523 528 in
564 471 867 547 operanda,
913 468 1218 546 duplicem
1261 469 1700 544 distinguimus:

400 569 569 626 Alius
602 568 761 626 enim
791 567 1088 626 invenitur
1116 567 1180 625 in
1209 569 1387 628 rebus
1416 567 1687 626 libertate
1717 567 2025 637 destitutis,
2074 564 2258 640 qualis

279 667 368 716 est
408 656 620 715 modus
662 666 943 716 constans
959 700 974 727 ‚
1032 657 1362 715 secundum
1404 674 1586 731 quem
1642 675 1902 732 corpora
1957 655 2072 714 sibi
2124 654 2257 730 ipsis

278 746 483 805 relicta
524 755 796 805 centrum
838 756 1032 804 terrae
1074 756 1315 822 petunt:
1373 743 1552 820 quem
1595 745 1842 804 modum
1885 746 2256 804 constant‘em

278 836 339 893 in
384 835 696 912 operando
739 837 935 910 legem
965 835 1260 910 physicam
1299 835 1661 894 vocavimus.

397 933 568 992 Alius
607 951 753 992 vero
796 932 1286 1008 deprehenditur
1309 932 1370 990 in
1413 933 1544 1008 ipsa
1577 931 1884 991 -activitate
1927 933 2124 991 libera
2163 933 2258 989 ho-

277 1023 451 1082 minis
494 1041 613 1098 qua
654 1021 785 1093 tali,
832 1032 891 1080 et
932 1032 1178 1080 vocatur
1220 1023 1315 1080 lex
1354 1023 1602 1080 moralis.
1689 1021 1788 1080 Sic
1829 1022 2080 1081 modum
2125 1039 2257 1078 con-

278 1122 529 1170 stantem
586 1121 645 1170 et
698 1110 1091 1182 uniformem,
1152 1110 1481 1170 secundum
1541 1130 1721 1186 quem
1777 1121 2000 1170 matres
2061 1121 2258 1168 amant

276 1201 427 1258 filios
456 1217 611 1272 suOS,
650 1199 929 1259 homines
954 1201 1135 1276 gratis
1164 1219 1290 1258 non
1319 1201 1698 1271 mentiuntur,
1738 1202 1936 1276 legem
1965 1201 2254 1306 moralem

276 1289 619 1365 philosophi
661 1290 986 1366 appellant.

396 1389 516 1447 Sed
576 1389 636 1446 in
696 1397 819 1446 tota
878 1388 977 1446 illa
1038 1388 1458 1464 explanatione
1518 1386 1694 1447 unice
1756 1387 2122 1446 attendimus
2182 1385 2254 1443 ad

274 1480 501 1552 legem,
560 1485 737 1554 prout
791 1487 880 1536 est
935 1477 1320 1537 materialiter
1375 1487 1435 1536 et
1489 1476 1787 1536 obiective
1841 1479 1905 1534 in
1959 1477 2131 1535 rebus
2182 1476 2255 1532 ad

275 1577 501 1625 certum
545 1567 793 1625 modum
834 1567 1073 1626 essendi
1114 1569 1209 1626 vel
1253 1567 1547 1643 operandi
1587 1568 1813 1624 directis
1851 1573 1910 1624 et
1964 1566 2249 1640 regulata.

275 1658 476 1715 Potest
517 1666 715 1714 autem
756 1656 970 1715 eadem
1013 1656 1115 1714 illa
1155 1657 1252 1715 lex
1292 1657 1622 1715 formaliter
1663 1655 2038 1714 considerari
2084 1664 2253 1730 prout

274 1755 363 1803 est
403 1746 465 1802 in
505 1747 623 1821 ipso
664 1746 959 1818 regulante
996 1747 1093 1805 vel
1124 1747 1402 1821 dirigente
1419 1793 1432 1813 ,
1487 1755 1548 1805 et
1588 1755 1730 1804 tunc
1778 1745 2118 1820 «quaedam
2173 1762 2252 1801 re-

273 1836 411 1909 gula
452 1844 542 1893 est
583 1844 643 1893 et
682 1854 962 1894 mensura
1006 1845 1242 1894 actuum
1261 1882 1274 1908 ,
1333 1835 1661 1894 secundum
1717 1853 1899 1909 quam
1954 1833 2250 1892 inducitur

272 1923 497 1999 aliquid
538 1923 618 1983 ad
660 1923 979 2000 agendum,
1023 1927 1118 1985 vel
1161 1927 1238 1984 ab
1281 1924 1521 2001 agendo
1563 1922 1911 1984 retrahitur»
1944 1924 1978 1983 ¹.

393 2021 533 2094 Quo
588 2039 765 2089 sensu
820 2032 1104 2097 accepta,
1159 2024 1256 2081 lex
1311 2033 1400 2081 est
1453 2023 1645 2098 ipsum
1699 2020 2066 2097 principium
2107 2020 2247 2095 legis

272 2110 568 2170 obiective
602 2121 887 2187 sumptae.
949 2112 1064 2183 Sic,
1108 2122 1171 2169 ut
1199 2110 1276 2170 de
1305 2113 1440 2187 lege
1468 2112 1676 2170 morali
1705 2112 1990 2182 dicamus,
2039 2109 2248 2169 modus

272 2210 553 2259 constans
596 2212 655 2259 et
681 2199 1009 2273 uniformis,
1055 2202 1383 2259 secundum
1414 2219 1593 2277 quern
1621 2209 1839 2258 matres
1867 2209 2077 2257 amant
2103 2198 2247 2256 filios

272 2306 425 2361 51105,
469 2289 564 2347 vel
606 2289 936 2348 secundum
978 2309 1158 2365 quem
1202 2289 1476 2349 homines
1504 2290 1684 2365 gratis
1711 2308 1836 2347 non
1865 2289 2244 2358 mentiuntur,

269 2378 544 2453 procedit
598 2387 662 2435 ut
717 2397 753 2436 a
806 2377 1106 2455 principio
1164 2399 1201 2437 a
1255 2379 1502 2455 speciali
1542 2378 1799 2455 quadam
1842 2378 1977 2453 lege
2039 2377 2244 2436 morali

270 2468 596 2526 formaliter
637 2478 899 2544 sumpta,
959 2488 1113 2544 quae
1157 2468 1370 2527 dicitur
1412 2470 1507 2526 lex
1549 2468 1786 2527 moralis
1828 2468 2140 2539 naturalis,
2191 2476 2245 2524 et

271 2555 423 2632 quae
466 2567 772 2633 tamquam
815 2558 1021 2633 regula
1052 2558 1235 2617 docet
1263 2576 1530 2617 amorem
1557 2557 1810 2616 filiorum
1839 2576 1970 2615 esse
1997 2558 2240 2626 bonum,

268 2645 506 2704 mentiri
546 2665 691 2705 vero
732 2656 905 2723 turpe
947 2665 1095 2706 esse.

837 2812 873 2879 ξ
912 2828 959 2865 2.
1020 2816 1194 2865 Notio
1231 2816 1376 2878 legis
1411 2816 1660 2865 moralis,

389 2941 516 2998 Lex
557 2937 797 2997 moralis
840 2938 1137 2998 obiective
1180 2950 1434 3015 accepta
1474 2940 1689 2998 dicitur
1729 2940 1825 2998 lex
1865 2927 2114 2999 moralis
2151 2941 2239 2997 im-

257 3030 497 3103 proprie
536 3029 719 3098 dicta,·
773 3029 869 3086 lex
909 3044 1055 3087 vero
1098 3028 1339 3087 moralis
1382 3028 1707 3087 formaliter
1747 3040 2011 3105 sumpta,
2070 3038 2241 3106 prout

268 3127 358 3175 est
398 3115 648 3175 directio
690 3116 937 3174 rationis
976 3117 1338 3176 activitatem
1378 3118 1630 3177 liberam
1647 3120 1972 3211 regulam,
2032 3118 2238 3177 dicitur

267 3208 363 3263 lex
403 3205 644 3264 moralis
670 3207 913 3281 proprie
951 3206 1116 3265 dicta.

394 3409 410 3439 ¹
448 3412 501 3460 S.
548 3412 735 3471 Thom„
774 3413 825 3462 S.
866 3414 1021 3465 theol.
1059 3418 1099 3477 1,
1138 3417 1206 3477 ΙΙ,
1247 3434 1296 3482 q.
1337 3432 1431 3479 90‚·
1462 3436 1506 3469 a.
1554 3434 1639 3484 1.,Δ
