2367 3850
712 239 791 276 DE
829 239 1220 277 PRovaN'rxA
1258 241 1479 278 mva.
1978 231 2074 279 261

211 385 455 442 Contra
508 385 645 443 illos
703 404 914 446 omnes
974 388 1297 463 probamus
1364 389 1576 448 thesim
1645 400 1909 448 nostram
1972 409 2082 468 per

89 483 312 547 parteS.
1618 481 1621 484 ’

210 607 428 658 'rhesis
466 609 744 672 probatio.
821 601 976 660 Pars
1015 602 1068 660 I.
1153 601 1484 661 Aeternitas
1510 611 1830 678 poenarum
1884 605 2081 679 aliqua

90 707 158 744 ex
189 696 376 764 parte
413 691 691 748 suadetur
728 691 964 749 ratione.

219 799 271 836 1.
300 851 310 858 Ι
335 780 598 837 Peccato
641 778 802 838 enirn
843 778 1028 855 gravi,
1075 779 1240 856 quod
1281 779 1496 840 dicitur
1537 783 1807 852 mortale,
1852 781 2079 841 infinita

91 868 211 925 Dei
270 866 554 928 maiestas
619 869 880 944 graviter
936 869 1219 941 violatur,
1280 867 1494 928 iniuria
1550 869 1778 928 scilicet
1836 889 2077 930 ornnem

89 975 438 1015 mensuram
509 957 959 1032 quodammodo
1037 957 1387 1018 excedente.
1497 958 1599 1017 Ad
1680 959 2077 1034 reparandam

89 1045 351 1120 proinde
391 1047 577 1104 talem
614 1044 888 1104 iniuriam
916 1046 1233 1122 requiritur
1260 1065 1461 1124 poena
1500 1049 1611 1106 sub
1639 1047 1840 1122 aliquo
1869 1051 2074 1107 saltem

90 1144 373 1209 respectu
411 1153 542 1193 non
582 1135 1014 1195 mensurabilis.
1074 1136 1197 1195 Sed
1237 1154 1439 1213 poena
1479 1138 1894 1213 reproborum,
1939 1156 2075 1196 cum

91 1223 207 1282 sint
249 1234 562 1283 creaturae
605 1225 825 1296 finitae,
869 1242 996 1283 non
1036 1235 1238 1302 potest
1278 1244 1410 1285 esse
1450 1227 1672 1302 infinite
1696 1227 1949 1286 intensa:
1988 1245 2075 1285 re-

91 1323 295 1372 manet
350 1331 500 1389 ergo
518 1359 533 1385 ,
575 1321 658 1372 'ut
715 1313 1058 1372 admittatur
1113 1333 1316 1390 poena
1369 1314 1599 1374 infinita
1640 1316 1749 1374 sub
1800 1327 2075 1391 respectu

92 1402 441 1462 durationis·

214 1512 267 1550 2.
297 1493 507 1550 Poena
537 1501 784 1551 aeterna
801 1491 1203 1568 reproborum
1232 1493 1455 1568 requiri
1473 1492 1722 1564 videtur,
1754 1503 1816 1551 ut
1842 1493 2071 1566 sanctio

92 1581 238 1656 legis
278 1580 526 1639 moralis
567 1580 640 1639 sit
680 1581 997 1640 sufficiens.
1141 1589 1144 1591 ’

211 1697 369 1754 Pars
408 1696 498 1753 II.
557 1695 663 1754 Ad
694 1697 881 1754 minus
921 1696 1205 1756 evidenter
1230 1697 1447 1754 ostendi
1482 1716 1595 1755 non
1610 1703 1800 1772 potest
1836 1699 2069 1754 aeterni-

93 1791 260 1842 tatem
290 1793 615 1860 poenarum
669 1785 890 1842 rationi
938 1794 1276 1861 repugnare.

208 1873 472 1946 Etenim,
514 1882 579 1932 ut
605 1873 755 1933 ratio
798 1873 1254 1950 repugnantiam
1282 1874 1443 1933 illam
1478 1873 1630 1933 inter
1658 1872 2067 1934 aeternitatem

91 1981 423 2038 poenarum
484 1973 544 2022 et
603 1963 806 2022 divina
861 1964 1140 2022 attributa
1194 1964 1502 2022 evidenter
1556 1980 1804 2021 cernere
1864 1962 2065 2038 possit,

91 2052 431 2127 requiritur,
498 2062 563 2111 ut
623 2054 844 2111 habeat
898 2054 1124 2110 clarum
1183 2061 1245 2112 et
1307 2048 1647 2110 distinctum
1709 2062 2067 2127 conceptum

93 2141 348 2199 malitiae
390 2140 628 2218 peccati
660 2140 925 2200 mortalis
954 2151 1014 2200 et
1041 2141 1160 2199 Dei
1189 2141 1618 2199 attributorum.
1687 2142 1874 2199 Porro
1915 2141 2066 2198 haec

93 2230 208 2288 duo
248 2248 378 2289 non
419 2231 561 2289 satis
601 2230 778 2289 nobis
818 2240 963 2289 nota
1004 2241 1154 2289 sunt.
1228 2231 1392 2305 Ergo
1434 2229 1585 2288 ratio
1613 2229 2067 2305 repugnantiam

93 2319 397 2378 evidenter
437 2318 644 2378 videre
686 2338 814 2377 non
856 2329 1054 2394 potest
1077 2320 1110 2377 ¹.

206 2455 538 2519 Responsio
572 2457 645 2504 ad
683 2455 869 2505 dubia.
943 2446 1045 2504 Ad
1095 2466 1118 2503 1
1167 2445 1493 2503 dicendum
1548 2446 2067 2504 commensuratio-

92 2554 224 2593 nem
266 2554 508 2611 poenae
537 2536 617 2594 ad
646 2536 878 2594 crimen
905 2534 1299 2611 repetendam
1342 2552 1471 2593 esse
1500 2554 1624 2593 non
1652 2552 1727 2593 ex
1754 2534 2063 2593 duratione

92 2623 366 2697 criminis,
413 2625 521 2683 sed
563 2643 638 2684 ex
677 2624 969 2699 gravitate
1009 2624 1151 2683 eius,

203 2713 303 2771 Ad
351 2734 380 2771 2
429 2731 574 2773 vero
615 2713 946 2773 notandum
990 2731 1251 2789 poenam
1296 2730 1423 2769 non
1456 2712 1796 2771 necessario
1838 2711 2061 2771 debere

92 2819 212 2861 esse
264 2801 690 2861 medicinalem
740 2820 853 2877 pro
908 2802 1040 2877 ipso
1096 2819 1203 2860 reo
1258 2811 1514 2873 tantum,
1574 2801 1680 2860 sed
1722 2800 1899 2860 etiam
1949 2819 2061 2876 pro

92 2890 240 2966 aliis3
281 2901 602 2967 praeterea
642 2909 880 2967 poenae
923 2902 1058 2949 sunt
1085 2891 1165 2949 ad
1207 2891 1660 2962 correctionem,
1704 2910 1829 2949 non
1870 2892 2058 2949 solum

93 2980 326 3053 quando
368 2979 734 3055 infliguntur,
777 2981 886 3039 sed
929 2980 1109 3039 etiam
1150 2980 1396 3054 quando
1438 2978 1924 3038 determinantur.

201 3070 302 3129 Ad
323 3088 357 3143 3
391 3068 660 3145 denique
681 3071 738 3128 S.
761 3071 996 3129 Doctor
1018 3064 1076 3144 (l.
1101 3062 1213 3143 c.):
1250 3068 1425 3126 «Non
1446 3068 1663 3140 enirn»,
1695 3067 1902 3143 inquit,
1940 3079 2064 3127 «est

11 3219 13 3224 ,
91 3159 447 3218 conveniens
489 3157 731 3217 divinae
772 3156 1026 3217 bonitati
1040 3203 1055 3229 ,
1108 3166 1171 3215 ut
1212 3167 1399 3215 totum
1450 3176 1631 3215 unum
1672 3175 1859 3233 genus
1900 3176 2060 3216 crea-

11 3375 13 3396 ε
201 3344 218 3377 ¹
257 3346 336 3396 Cf.
376 3346 476 3395 hac
515 3345 582 3393 de
618 3361 673 3394 re
711 3346 764 3394 S.
800 3344 991 3405 lem„
1032 3344 1083 3395 S.
1123 3343 1278 3393 theol.
1320 3342 1501 3408 Suppl.
1540 3360 1588 3408 q.
1618 3356 1703 3407 99,
1742 3360 1785 3392 a.
1833 3354 1875 3392 1.
1917 3356 1966 3393 2.
2007 3356 2055 3407 3.

90 3426 292 3477 Boedder
326 3426 360 3476 1.
401 3442 445 3475 c.
487 3441 539 3490 p.
581 3438 700 3487 344.
