2367 3850
1241 4 1250 14 .
1281 0 1292 6 '¹
1317 0 1359 12 ‘v‘
1374 4 1379 7 Ι
1396 0 1448 15 v(-
1463 1 1470 3 -
1482 0 1684 32 *¹⁵*th
1717 21 1727 31 t
1754 15 1769 30 ὃ

329 222 428 271 188
953 235 1292 272 τΗΕοιοαῐΑ
1332 235 1674 274 Nan-umus,

444 400 498 454 3.
543 381 758 457 Neque
799 384 1132 456 ignorantia
1156 385 1253 444 vel
1270 385 1628 460 praeiudicia
1654 383 1827 443 huius
1856 401 2173 443 consensus
2201 403 2272 442 ra·
2321 387 2322 416 ³

321 469 548 530 tionem
577 470 968 531 sufficientem
992 471 1303 548 praebent,
1334 472 1477 549 quia
1492 473 1663 532 huius
1682 473 2089 551 persuasionis·
2098 491 2273 548 neque

321 558 823 620 universalitatem
867 579 1067 636 neque
1124 563 1522 621 constantiam
1576 562 1938 622 sufficienter
1984 562 2273 638 explicant.

444 648 562 708 Sed
594 651 655 707 in
697 651 785 718 iis,
827 669 974 725 quae
1011 651 1164 709 ratio
1200 653 1464 711 naturali
1500 659 1651 710 motu
1692 659 1762 709 ut
1796 669 1994 711 verum
2034 653 2273 720 admittit,

323 757 437 796 non
470 743 654 814 potest
690 757 805 797 csse
843 757 1012 797 error
1033 740 1067 799 ¹.

773 863 938 938 Ergo
977 882 1174 922 verum
1217 871 1301 924 est
1336 865 1530 923 Deum
1572 867 1853 925 exsistere.

873 1050 1367 1100 APPENDIXAD
1406 1050 1671 1103 LIBRUM
1710 1053 1753 1102 I.

977 1171 1102 1234 DE
1147 1171 1644 1238 ATHEISMO.

479 1331 790 1394 Quaeritur,
829 1339 1015 1381 utrum
1053 1333 1167 1382 sint
1204 1333 1297 1384 vel
1335 1348 1463 1384 esse
1501 1335 1721 1398 possint
1758 1336 1913 1385 athei
1952 1349 2148 1385 necne.

447 1463 639 1513 Statue
677 1465 1048 1526 quaestionis.
1126 1457 1309 1516 Athei
1351 1457 1411 1514 in
1454 1475 1677 1532 genere
1719 1457 2001 1518 dicuntur
2040 1458 2143 1528 illi,
2192 1455 2275 1530 qui

327 1541 524 1602 Deum
567 1561 692 1602 non
733 1555 1084 1620 agnoscunt.
1167 1546 1290 1604 Alii
1332 1557 1468 1605 sunt
1511 1546 1777 1622 practici,
1834 1547 1941 1605 ah'i
1980 1545 2276 1606 theoretici.

445 1631 697 1691 R‘actici
733 1633 818 1691 illi
857 1645 1007 1706 sunt,
1057 1635 1160 1710 qui
1204 1637 1401 1694 Deum
1442 1643 1623 1694 mente
1662 1635 1913 1711 quidem
1956 1644 2273 1713 agnoscunt,

326 1720 433 1780 sed
475 1739 601 1780 non
641 1724 832 1792 corde,
890 1723 927 1782 i.
971 1741 1023 1782 e.
1069 1725 1172 1800 qui
1212 1724 1295 1782 ita
1334 1725 1567 1797 vivunt,
1626 1725 1796 1800 quasi
1837 1727 2009 1785 Deus
2048 1743 2165 1782 non
2202 1741 2277 1781 ex·

327 1807 570 1870 sisteret.

455 1899 769 1960 Theoretia‘
805 1902 888 1961 illi
929 1913 1092 1975 sunt,
1151 1904 1255 1979 qui
1296 1904 1495 1964 Deum
1534 1915 1738 1965 mente
1784 1923 1911 1963 non
1956 1911 2273 1981 agnoscunt,
2325 1946 2326 1961 ,

326 1988 465 2063 quia
504 1991 600 2049 vel
641 1991 767 2050 eius
807 1992 1053 2051 notione
1094 1993 1488 2054 destituuntur
1530 1988 1833 2070 (negativi)
1874 1995 1977 2053 vel
2025 1991 2158 2069 quia
2192 2009 2274 2048 no-

323 2077 486 2137 tione
547 2080 623 2139 de
684 2082 820 2140 Deo
879 2082 1083 2141 habita
1142 2077 1424 2159 (positivi)
1484 2082 1677 2159 ipsum
1737 2082 2025 2143 exsistere
2084 2092 2279 2155 negant

325 2161 712 2244 (dogmatici),
774 2171 869 2229 vel
927 2170 1235 2231 hominem
1292 2171 1667 2231 contendunt
1716 2171 1870 2232 scire
1922 2190 2051 2231 non
2108 2186 2274 2247 posse,

323 2266 517 2315 utrum
559 2259 724 2317 Deus
765 2259 839 2318 sit
878 2278 1073 2319 necne
1115 2255 1429 2336 (agnostici
1470 2262 1568 2320 vel
1609 2256 1897 2337 sceptici),
1942 2262 2043 2320 vel
2080 2260 2153 2319 de
2178 2256 2277 2315 Dei

324 2345 662 2405 exsistentia
702 2348 975 2407 dubitant
1019 2344 1269 2424 (critici).

446 2435 733 2509 Quaestio
775 2436 936 2495 cirea
977 2439 1086 2496 hos
1142 2457 1353 2497 omnes
1394 2438 1494 2497 hic
1544 2438 1816 2515 ponitur3
1872 2440 2119 2513 quando
2156 2454 2277 2494 vero

326 2525 404 2583 de
445 2525 634 2584 atheis
675 2526 1050 2602 simpliciter,
1095 2528 1131 2586 i.
1177 2546 1230 2587 e.
1276 2529 1403 2587 sine
1447 2527 1653 2587 addito
1668 2573 1683 2600 ,
1740 2546 1941 2587 sermo
1986 2538 2091 2599 est,
2138 2524 2278 2584 intel-

325 2613 597 2689 leguntur
640 2614 799 2674 athei
841 2615 1078 2691 positivi
1119 2617 1461 2691 dogmatici.
1998 2642 2004 2649 ·

447 2756 808 2820 Quaestionis
847 2759 1073 2808 solutio.
1156 2752 1201 2808 I.
1261 2751 1491 2809 Atheos
1520 2750 1801 2827 practices
1840 2768 1997 2823 esse,
2045 2746 2276 2825 lugenda

324 2836 691 2911 experientia
734 2848 1000 2914 constat3
1055 2837 1132 2898 de
1174 2839 1264 2896 his
1309 2841 1365 2899 S.
1410 2840 1625 2897 Paulus
1677 2839 1936 2915 loquitur
1982 2839 2063 2897 ad
2101 2836 2275 2895 Titum

323 2926 590 2984 scribens
639 2946 686 2999 1,
739 2930 838 2985 16:
895 2928 1302 2987 «Confitentur
1331 2946 1393 2988 se
1434 2946 1612 2988 nosse
1640 2930 1854 2999 Deum,
1898 2930 2069 2987 factis
2103 2934 2273 2985 autem

324 3025 600 3090 negant.»
677 3016 767 3074 Cf.
798 3016 944 3075 Phil.
993 3036 1045 3091 3,
1097 3021 1184 3076 18.
1225 3028 1326 3094 19:
1378 3018 1683 3091 «Quorum
1712 3018 1877 3077 Deus
1906 3027 2112 3076 venter
2149 3023 2267 3072 est.»

400 3112 404 3114 ’
445 3132 520 3189 ΙΙ.
567 3131 788 3205 Quoad
830 3132 1036 3191 atheos
1076 3149 1221 3191 vero
1278 3133 1599 3193 theoreticos
1640 3133 1791 3193 haec
1832 3143 1968 3193 sunt
2006 3128 2265 3191 dicenda:

455 3249 502 3287 1.
549 3229 769 3303 Quoad
809 3230 1015 3289 atheos
1057 3232 1359 3303 negativos.

456 3419 473 3451 ¹
512 3420 590 3469 cf.
627 3420 726 3469 vol.
765 3422 805 3480 Ι,
853 3422 949 3471 166
987 3430 1037 3471 et
1081 3423 1196 3483 167.
