2367 3850
272 232 307 278 4
1037 229 1482 267 PRAENonoNES.

401 399 450 436 2.
514 397 551 436 a
596 378 953 454 physiologia
1011 378 1273 436 humana
1289 422 1302 449 ,
1375 394 1531 452 quae
1591 377 1848 453 explicat
1908 376 2259 436 exercitium

260 467 628 541 functionum
681 466 942 525 vitalium
996 466 1256 524 hominis
1310 466 1639 524 secundum
1696 476 1929 541 partem
1983 466 2260 525 materia-

274 557 394 614 lem
419 559 467 628 ¹:‚
2058 546 2067 560 ⁸

396 673 450 727 3.
497 673 533 711 a
560 654 896 730 pathologia
935 655 1215 726 humana,
1261 671 1414 728 quae
1458 664 1546 712 est
1587 653 1665 712 de
1707 653 2259 730 perturbationibus
2333 685 2336 702 ε

275 741 648 801 functionum
703 742 966 800 vitalium
1023 743 1084 800 in
1141 742 1385 801 homine
1442 743 1843 818 explicandiS,
1907 742 1985 801 de
2049 760 2255 801 earum

276 831 466 890 causis
507 831 881 890 inveniendis
923 842 1072 902 ete.;

395 950 450 1002 4.
495 931 573 988 ab
613 930 1048 1006 anthropologia
1089 931 1379 1000 naturali,
1438 949 1557 1006 qua
1598 931 1783 988 homo
1826 925 1999 1004 (sicut
2033 931 2255 988 animal
2333 967 2336 1012 2

274 1020 511 1078 brutum
553 1038 589 1077 a
628 1021 882 1092 zoologia
897 1063 916 1088 ‚
972 1020 1176 1094 planta
1219 1038 1255 1077 a
1296 1014 1573 1093 botanica)
1616 1019 1947 1078 secundum
1992 1019 2256 1078 rationes
2333 1017 2336 1022 ’

277 1115 545 1166 externas
583 1108 880 1166 naturales
923 1107 1333 1166 consideratur
1352 1108 1391 1167 ².

396 1207 660 1266 naturali
709 1207 917 1264 lumine
972 1213 1301 1282 comparata
1316 1252 1334 1275 ,
1391 1217 1454 1264 ut
1495 1205 1890 1280 distinguatur
1935 1207 2255 1283 anthropo·

276 1296 436 1371 logia
453 1342 466 1369 ,
529 1296 677 1354 sicut
735 1295 928 1354 omnis
988 1293 1305 1371 disciplina
1372 1295 1815 1371 philosophica,
1878 1315 1915 1353 a
1975 1296 2256 1369 theologia
2334 1347 2336 1358 ,

275 1403 461 1455 sacra,
505 1402 661 1461 quae
701 1384 833 1460 ipsa
873 1402 1117 1460 quoque
1159 1384 1239 1442 de
1279 1385 1569 1460 supremis
1606 1383 1864 1443 hominis
1907 1385 2100 1443 causis
2144 1384 2255 1442 dis-

278 1485 460 1550 putat,
505 1475 612 1533 sed
652 1475 754 1531 sub
794 1475 1004 1531 lumine
1042 1475 1487 1550 supernaturali.

399 1562 881 1638 Anthropologia
909 1581 1032 1621 non
1053 1581 1211 1634 raro,
1241 1563 1457 1621 nostris
1484 1563 1836 1639 praesertim
1864 1562 2256 1638 temporibuS‚

280 1663 525 1712 vocatur
542 1653 905 1728 psychologia
935 1646 1130 1728 (ψυχή,
1175 1647 1374 1726 λόγος),
1418 1669 1491 1710 ex
1519 1652 1843 1727 praecipua
1875 1662 2043 1727 parte
2072 1651 2257 1709 homi-

277 1742 370 1800 nis
412 1740 788 1800 constitutiva
805 1754 812 1758 ’
829 1735 1084 1816 (forma),
1129 1758 1285 1816 quae
1329 1751 1418 1800 est
1459 1741 1674 1800 anima.

399 1829 784 1889 Anatomiam
813 1839 872 1888 et
899 1830 1334 1906 physiologiam
1364 1829 1442 1887 ad
1471 1829 1930 1905 philosophiam,
1965 1839 2028 1887 ut
2056 1829 2251 1899 talem,
2332 1905 2334 1908 Α

279 1939 404 1980 non
445 1920 745 1998 pertinere
789 1937 861 1978 ex
905 1918 992 1991 iis,
1035 1936 1191 1996 quae
1234 1938 1411 1995 supra
1438 1918 1709 1991 diximuS,
1755 1929 2025 1995 apparet.
2098 1917 2253 1993 Quia
2332 1913 2334 1927 '

280 2028 424 2069 vero
466 2008 819 2084 disciplinae
863 2009 997 2068 illae
1053 2011 1129 2066 ab
1172 2008 1633 2084 anthropologia
1673 2019 2251 2084 praesupponuntur,

279 2117 352 2157 ex
393 2099 535 2175 ipsis
589 2098 867 2157 notiones
925 2097 1054 2155 illas
1109 2098 1474 2167 recolemuS,
1532 2114 1686 2171 quae
1743 2098 1823 2155 ad
1879 2095 2256 2173 operationes

279 2199 512 2247 nostras
553 2188 760 2246 vitales
803 2186 1259 2262 cognoscendas
1300 2186 1551 2245 omnino
1593 2196 1729 2244 sunt
1768 2185 2165 2244 necessariae.

400 2312 474 2371 II.
520 2320 1002 2383 Anthropologiae
1041 2319 1264 2369 divisio.
1322 2311 1487 2368 Duas
1528 2309 1697 2367 huius
1737 2318 2019 2369 tractatus
2062 2308 2255 2368 distin-

280 2398 510 2473 guimus
552 2410 766 2475 partes

408 2609 424 2641 ¹
468 2612 573 2659 «La
608 2611 931 2676 physiologie
969 2609 1063 2674 (de
1101 2609 1273 2676 φύσις,
1320 2620 1526 2670 nature,
1565 2617 1617 2659 et
1652 2607 1845 2677 λόγος,
1884 2607 2059 2673 truite)
2102 2620 2180 2660 est
2215 2610 2257 2657 la

282 2692 488 2742 science
525 2693 615 2740 des
653 2692 1002 2755 phenomenes
1041 2692 1105 2741 de
1143 2691 1194 2739 la
1230 2690 1325 2739 vie.
1402 2690 1513 2739 Elle
1552 2706 1681 2739 nous
1718 2691 1978 2755 apprend‚
2024 2706 2089 2739 en
2127 2690 2255 2746 effet,

281 2774 417 2837 quels
450 2778 564 2821 sont
597 2773 664 2820 les
699 2779 823 2822 actes
859 2773 1083 2821 naturels
1119 2772 1201 2820 des
1250 2777 1389 2834 corps
1435 2772 1635 2819 vivants
1683 2778 1731 2820 ct
1777 2772 1827 2819 Ia
1878 2765 2099 2820 manibre
2148 2771 2259 2819 dont

286 2854 347 2901 ils
381 2847 646 2917 s'opbrent»
693 2848 1020 2916 (Vngouroux,
1061 2851 1330 2901 Medecine
1368 2851 1599 2915 pratique
1635 2851 1675 2910 Ι,
1719 2848 1865 2913 261).

405 2928 426 2962 ²
469 2932 720 2981 «Nomine
758 2931 1180 2996 anthropologiae
1218 2930 1361 2979 multi
1400 2931 1700 2995 completam
1738 2940 1790 2979 et
1826 2946 2029 2980 omnem
2068 2930 2134 2979 de
2176 2930 2255 2977 ho·

283 3012 417 3061 mine
469 3012 928 3062 considerationem
981 3012 1448 3075 comprehendunt,
1522 3010 1592 3059 ita
1640 3021 1696 3059 ut
1746 3010 2137 3076 anthropologia
2198 3007 2256 3055 sit
2328 3028 2330 3075 3

283 3093 490 3153 scientia
540 3093 605 3141 de
656 3092 886 3152 homine,
937 3108 1040 3141 non
1091 3092 1255 3141 solum
1306 3100 1359 3139 ut
1396 3099 1473 3140 est
1508 3091 1721 3151 animal,
1781 3090 1871 3140 sed
1922 3099 1989 3139 ut·
2015 3100 2253 3155 tamquam
2328 3094 2330 3097 ⁴

284 3170 467 3221 animal
504 3172 750 3222 rationale
786 3172 1030 3236 peculiari
1066 3172 1132 3220 ad
1157 3172 1401 3220 mundum
1426 3180 1477 3219 et
1502 3172 1567 3220 ad
1594 3170 1761 3219 Deum
1788 3170 2035 3220 relatione
2060 3170 2252 3235 gaudet.
2328 3184 2330 3271 κ

283 3254 343 3300 In
370 3270 469 3317 qua
493 3252 767 3317 permultas
791 3260 962 3317 partes
999 3253 1347 3316 distinguunt:
1387 3251 1789 3316 somatologiam,
1827 3250 2253 3315 ethnographiam,

282 3333 636 3398 linguisticam,
666 3333 1045 3397 psychologiam,
1082 3333 1303 3391 ethicam,
1344 3331 1700 3395 sociologiam,
1742 3330 2120 3395 philosophiam
2155 3326 2253 3378 reli-

287 3412 467 3475 gionis.
506 3412 752 3477 reliquas»
799 3411 990 3474 (Pesclz,
1031 3413 1153 3461 Inst.
1194 3410 1422 3475 psychol.
1462 3411 1502 3471 Ι,
1551 3409 1657 3474 18).
