2367 3850
464 11 884 46 *ww-”¹2⁶
959 11 967 22 2
1023 11 1058 32 s-

734 198 811 234 DE
852 198 1169 236 PRINCIPIIS
1219 199 1630 236 MORALITATIS.
2075 200 2175 252 295

154 345 495 416 vertentiS,
556 363 681 404 non
738 356 938 404 autem
997 364 1071 404 ex
1128 347 1344 405 ordine
1402 347 1482 404 ad
1523 347 1718 422 legem
1763 366 1928 406 esum
1984 347 2179 406 carnis

155 433 623 506 prohibentem,
670 434 747 493 de
794 454 913 510 qua
955 437 1092 510 lege
1136 454 1262 494 non
1307 435 1548 512 cogitat.

303 526 431 582 «Ex
492 541 618 598 quo
674 534 839 598 patet
894 543 1079 582 unam
1121 525 1521 584 moralitatem
1579 543 1758 598 posse
1810 524 1938 584 sine
1993 528 2178 584 altera

156 612 495 685 exsistere,
562 631 699 671 cum
741 631 967 689 nempe
1011 614 1200 672 homo
1241 614 1366 690 agit
1407 633 1480 673 ex
1523 613 1894 673 conscientia
1935 613 2177 672 invinci-

156 702 373 760 biliter
416 720 695 761 erronea.
755 705 847 761 Ita
872 723 927 761 v.
960 721 1015 778 g.
1062 712 1249 775 actuS,
1296 703 1398 778 qui
1441 703 1560 777 legi
1603 714 1692 762 est
1720 714 2174 774 consentaneuS,

158 791 282 848 sed
324 809 513 866 quem
558 809 747 867 agens
787 792 907 867 legi
946 793 1295 867 oppositum
1325 802 1509 868 putat,
1553 791 1935 850 materialiter
1961 793 2172 862 bonus,

160 879 508 939 formaliter
552 882 741 938 malus
785 890 908 954 est3
952 891 1197 952 contra,
1243 891 1410 940 actus
1451 880 1570 956 legi
1613 881 1948 956 opposituS‚
1995 899 2173 956 quem

158 987 359 1044 agens
390 969 821 1033 invincibiliter
849 969 971 1045 legi
1014 971 1394 1028 conformem
1439 969 1748 1042 existimat,
1792 970 2175 1029 materialiter

159 1059 361 1118 malus
404 1069 514 1130 est,
562 1059 669 1117 sed
714 1059 1045 1118 formaliter
1087 1061 1341 1118 bonus»
1378 1061 1390 1091 ¹

290 1149 688 1206 Manifestum
746 1158 835 1206 est
890 1158 1091 1207 autem
1146 1168 1222 1208 ex
1276 1148 1378 1220 iis,
1462 1167 1617 1222 quae
1673 1166 1850 1222 supra
1919 1146 2171 1206 diximus

159 1233 249 1314 (p.
301 1258 421 1314 290
463 1231 614 1313 sq.),
662 1237 725 1296 in
768 1237 1163 1297 diiudicando
1208 1248 1344 1298 actu
1387 1238 1631 1298 alicuius
1684 1236 1972 1307 hominis,
2031 1254 2170 1310 qua-

158 1339 340 1386 tenus
370 1336 465 1386 est
491 1338 663 1386 actus
690 1328 937 1386 moralis
964 1328 1135 1385 huius
1161 1326 1440 1398 hominiS,
1472 1344 1711 1404 semper
1739 1324 2169 1384 attendendum

158 1435 299 1476 esse
342 1416 426 1475 ad
468 1416 873 1476 moralitatem
917 1417 1254 1476 formalem.
1331 1425 1334 1428 ’

288 1508 401 1565 III.
446 1506 658 1565 Tertio
701 1506 969 1580 denique
1009 1506 1316 1565 moralitas
1359 1503 1641 1563 dividitur
1682 1505 1744 1561 in
1787 1502 2190 1562 intrinsecamr

160 1606 221 1657 et
268 1595 711 1666 extrinsecam,
774 1595 837 1656 id
881 1595 1048 1670 quod
1090 1596 1211 1653 iam
1255 1613 1330 1653 ex
1371 1593 1524 1652 thesi
1566 1593 1643 1651 de
1699 1592 2030 1650 actionibus
2087 1593 2166 1648 in-

158 1683 430 1744 trinsece
501 1683 771 1742 honestis
839 1686 936 1742 vel
1014 1683 1345 1743 inhonestis
1425 1691 1798 1758 compertum
1881 1681 2166 1762 habemus

158 1768 242 1849 (p.
297 1791 411 1848 272
445 1768 626 1847 sqq.).
713 1774 1023 1831 Moralitas
1065 1782 1264 1831 autem
1307 1771 1523 1830 dicitur

295 1863 675 1933 «intrinseca,
738 1861 788 1920 si
844 1881 919 1920 ex
973 1862 1107 1939 ipsa
1158 1863 1248 1921 rei
1303 1870 1514 1919 natura
1557 1858 1807 1918 oriatur:
1865 1858 1950 1916 sic
1996 1876 2164 1916 amor

154 1952 284 2011 Dei
327 1962 420 2011 est
460 1952 789 2012 intrinsece
831 1952 1025 2011 bonus
1043 1998 1057 2023 ‚
1117 1950 1322 2010 odium
1365 1952 1482 2011 Dei
1535 1948 1856 2007 intrinsece
1911 1949 2163 2022 malum3

154 2041 387 2101 dicitur
428 2050 631 2100 autem

287 2132 628 2200 extrinseca,
674 2131 722 2189 si
765 2149 840 2188 ex
882 2132 1012 2189 sola
1054 2130 1189 2205 lege
1233 2128 1486 2204 positiva
1527 2136 1831 2201 exsurgat:
1877 2125 1963 2183 sic
2001 2145 2160 2183 man-

156 2220 394 2279 ducare
438 2238 657 2279 carnes
700 2218 802 2277 die
847 2218 1103 2277 Veneris
1146 2228 1237 2276 est
1277 2217 1610 2277 extrinsece
1652 2216 1907 2274 malum»
1937 2216 1976 2273 ².

1000 2522 1215 2571 LIBER
1261 2524 1331 2571 II.

492 2642 619 2704 DE
666 2638 1128 2717 PRJNCIPIIS
1176 2638 1829 2725 MORALITATIS.

880 2792 1452 2843 PRAENOTIONES.

281 2917 655 2993 Principium
702 2917 921 2975 scimus
964 2916 1026 2974 in
1068 2934 1292 2991 genere
1335 2933 1464 2974 esse
1507 2914 1598 2985 id,
1661 2934 1696 2973 a
1752 2931 1871 2988 quo
1922 2912 2147 2989 aliquid

157 3007 441 3085 procedit
486 3024 874 3081 quocumque
916 3006 1120 3067 modo,
1205 3005 1606 3065 Moralitatem
1663 3012 1857 3061 autem
1912 3000 2013 3061 hic
2064 3003 2148 3061 in-

155 3097 497 3173 tellegimus
541 3094 931 3154 subiectivam
962 3090 1041 3171 (p.
1080 3090 1233 3172 294),
1279 3095 1359 3153 ita
1402 3104 1464 3152 ut
1505 3093 1582 3151 de
1623 3091 1928 3169 principiis
1964 3091 2145 3168 ipsius

156 3196 323 3247 actus
366 3184 618 3245 humani
660 3185 758 3243 vel
803 3185 1044 3244 moralis
1085 3186 1185 3243 hic
1226 3201 1425 3243 sermo
1457 3182 1546 3241 sit.
1603 3184 1698 3241 De
1729 3180 1940 3257 quibus
1967 3201 2144 3259 gene-

280 3381 297 3415 ¹
336 3382 496 3444 Marc
531 3381 568 3434 l.
608 3398 652 3431 c.
691 3382 731 3442 I,
760 3398 823 3451 ,n‘
863 3394 981 3444 294.
1130 3378 1152 3410 ²
1191 3382 1341 3433 Marc
1376 3380 1408 3427 1.
1449 3395 1492 3427 c.
