<?xml version="1.0" encoding="UTF-8"?>
<!DOCTYPE html PUBLIC "-//W3C//DTD XHTML 1.0 Transitional//EN"
    "http://www.w3.org/TR/xhtml1/DTD/xhtml1-transitional.dtd">
<html xmlns="http://www.w3.org/1999/xhtml" xml:lang="en" lang="en">
 <head>
  <title>
</title>
<meta http-equiv="Content-Type" content="text/html;charset=utf-8" />
  <meta name='ocr-system' content='tesseract 3.04.00' />
  <meta name='ocr-capabilities' content='ocr_page ocr_carea ocr_par ocr_line ocrx_word'/>
</head>
<body>
  <div class='ocr_page' id='page_1' title='image "./elementaphiloso01reingoog_0065.png"; bbox 0 0 2367 3850; ppageno 0'>
   <div class='ocr_carea' id='block_1_1' title="bbox 354 167 2094 220">
    <p class='ocr_par' dir='ltr' id='par_1_1' title="bbox 354 167 2094 220">
     <span class='ocr_line' id='line_1_1' title="bbox 354 167 2094 220; baseline 0.004 -18"><span class='ocrx_word' id='word_1_1' title='bbox 354 167 832 204; x_wconf 78' lang='lat' dir='ltr'>OBSERVATIONES</span> <span class='ocrx_word' id='word_1_2' title='bbox 873 168 932 204; x_wconf 90' lang='lat' dir='ltr'>IN</span> <span class='ocrx_word' id='word_1_3' title='bbox 941 169 1106 205; x_wconf 80' lang='lat' dir='ltr'>STITU</span> <span class='ocrx_word' id='word_1_4' title='bbox 1117 169 1271 205; x_wconf 84' lang='lat' dir='ltr'><strong>UNTU</strong></span> <span class='ocrx_word' id='word_1_5' title='bbox 1280 170 1313 204; x_wconf 88' lang='lat' dir='ltr'>R</span> <span class='ocrx_word' id='word_1_6' title='bbox 1356 170 1825 208; x_wconf 71' lang='lat' dir='ltr'><strong>PHYSIOLOGICAE.</strong></span> <span class='ocrx_word' id='word_1_7' title='bbox 2027 171 2094 220; x_wconf 83' lang='lat'>39</span> 
     </span>
    </p>
   </div>
   <div class='ocr_carea' id='block_1_2' title="bbox 103 313 2097 464">
    <p class='ocr_par' dir='ltr' id='par_1_2' title="bbox 103 313 2097 464">
     <span class='ocr_line' id='line_1_2' title="bbox 103 313 2097 393; baseline 0.003 -23"><span class='ocrx_word' id='word_1_8' title='bbox 103 313 407 373; x_wconf 82' lang='lat' dir='ltr'>activitatis</span> <span class='ocrx_word' id='word_1_9' title='bbox 452 316 778 374; x_wconf 88' lang='lat' dir='ltr'>cerebralis</span> <span class='ocrx_word' id='word_1_10' title='bbox 819 326 881 374; x_wconf 90' lang='lat' dir='ltr'>et</span> <span class='ocrx_word' id='word_1_11' title='bbox 908 317 987 374; x_wconf 90' lang='lat' dir='ltr'>ad</span> <span class='ocrx_word' id='word_1_12' title='bbox 1031 316 1357 376; x_wconf 88' lang='lat' dir='ltr'>iuvandam</span> <span class='ocrx_word' id='word_1_13' title='bbox 1390 317 1849 377; x_wconf 80' lang='lat' dir='ltr'>associationem</span> <span class='ocrx_word' id='word_1_14' title='bbox 1893 317 2097 393; x_wconf 85' lang='lat' dir='ltr'>imagi·</span> 
     </span>
     <span class='ocr_line' id='line_1_3' title="bbox 105 402 1140 464; baseline 0.007 -6"><span class='ocrx_word' id='word_1_15' title='bbox 105 420 236 460; x_wconf 90' lang='lat' dir='ltr'>num</span> <span class='ocrx_word' id='word_1_16' title='bbox 278 402 582 464; x_wconf 88' lang='lat' dir='ltr'>destinata</span> <span class='ocrx_word' id='word_1_17' title='bbox 623 423 754 463; x_wconf 92' lang='lat' dir='ltr'>esse</span> <span class='ocrx_word' id='word_1_18' title='bbox 798 405 1084 464; x_wconf 79' lang='lat' dir='ltr'>videtur.»</span> <span class='ocrx_word' id='word_1_19' title='bbox 1121 407 1140 438; x_wconf 85' lang='lat'>¹</span> 
     </span>
    </p>
   </div>
   <div class='ocr_carea' id='block_1_3' title="bbox 79 495 2099 1190">
    <p class='ocr_par' dir='ltr' id='par_1_3' title="bbox 79 495 2099 926">
     <span class='ocr_line' id='line_1_4' title="bbox 214 495 2094 572; baseline 0.002 -23"><span class='ocrx_word' id='word_1_20' title='bbox 214 495 290 550; x_wconf 91' lang='lat' dir='ltr'>II.</span> <span class='ocrx_word' id='word_1_21' title='bbox 353 504 443 552; x_wconf 86' lang='lat' dir='ltr'>De</span> <span class='ocrx_word' id='word_1_22' title='bbox 496 503 861 566; x_wconf 78' lang='lat' dir='ltr'><strong>physiologia</strong></span> <span class='ocrx_word' id='word_1_23' title='bbox 906 506 1209 568; x_wconf 71' lang='lat' dir='ltr'>appetitus.</span> <span class='ocrx_word' id='word_1_24' title='bbox 1272 526 1345 538; x_wconf 82' lang='lat'><strong>—</strong></span> <span class='ocrx_word' id='word_1_25' title='bbox 1405 498 1497 554; x_wconf 84' lang='lat' dir='ltr'>Ex</span> <span class='ocrx_word' id='word_1_26' title='bbox 1546 496 1891 572; x_wconf 87' lang='lat' dir='ltr'>cognitione</span> <span class='ocrx_word' id='word_1_27' title='bbox 1949 497 2094 556; x_wconf 89' lang='lat' dir='ltr'>boni</span> 
     </span>
     <span class='ocr_line' id='line_1_5' title="bbox 79 580 2097 660; baseline 0.003 -23"><span class='ocrx_word' id='word_1_28' title='bbox 79 580 390 640; x_wconf 67' lang='lat' dir='ltr'>sensibilis</span> <span class='ocrx_word' id='word_1_29' title='bbox 434 582 654 642; x_wconf 88' lang='lat' dir='ltr'>scimus</span> <span class='ocrx_word' id='word_1_30' title='bbox 697 583 840 642; x_wconf 90' lang='lat' dir='ltr'>oriri</span> <span class='ocrx_word' id='word_1_31' title='bbox 881 583 942 641; x_wconf 90' lang='lat' dir='ltr'>in</span> <span class='ocrx_word' id='word_1_32' title='bbox 985 585 1163 654; x_wconf 88' lang='lat' dir='ltr'>nobis</span> <span class='ocrx_word' id='word_1_33' title='bbox 1208 595 1403 644; x_wconf 90' lang='lat' dir='ltr'>motus</span> <span class='ocrx_word' id='word_1_34' title='bbox 1445 585 1579 646; x_wconf 90' lang='lat' dir='ltr'>illos</span> <span class='ocrx_word' id='word_1_35' title='bbox 1612 585 1897 657; x_wconf 88' lang='lat' dir='ltr'>diversos,</span> <span class='ocrx_word' id='word_1_36' title='bbox 1944 603 2097 660; x_wconf 87' lang='lat' dir='ltr'>quos</span> 
     </span>
     <span class='ocr_line' id='line_1_6' title="bbox 95 671 2096 748; baseline 0.003 -22"><span class='ocrx_word' id='word_1_37' title='bbox 95 671 384 745; x_wconf 80' lang='lat' dir='ltr'><em>passiones</em></span> <span class='ocrx_word' id='word_1_38' title='bbox 413 690 552 729; x_wconf 92' lang='lat' dir='ltr'>cum</span> <span class='ocrx_word' id='word_1_39' title='bbox 582 671 950 737; x_wconf 83' lang='lat' dir='ltr'>scholasticis</span> <span class='ocrx_word' id='word_1_40' title='bbox 979 693 1158 748; x_wconf 90' lang='lat' dir='ltr'>supra</span> <span class='ocrx_word' id='word_1_41' title='bbox 1188 673 1555 734; x_wconf 78' lang='lat' dir='ltr'>vocavimus,</span> <span class='ocrx_word' id='word_1_42' title='bbox 1612 677 1741 732; x_wconf 89' lang='lat' dir='ltr'>Iam</span> <span class='ocrx_word' id='word_1_43' title='bbox 1782 692 1929 735; x_wconf 88' lang='lat' dir='ltr'>vero</span> <span class='ocrx_word' id='word_1_44' title='bbox 1959 692 2096 732; x_wconf 89' lang='lat' dir='ltr'>cum</span> 
     </span>
     <span class='ocr_line' id='line_1_7' title="bbox 106 758 2099 841; baseline 0.004 -27"><span class='ocrx_word' id='word_1_45' title='bbox 106 758 470 835; x_wconf 87' lang='lat' dir='ltr'>physiologis</span> <span class='ocrx_word' id='word_1_46' title='bbox 512 761 721 835; x_wconf 85' lang='lat' dir='ltr'>quaeri</span> <span class='ocrx_word' id='word_1_47' title='bbox 759 771 979 841; x_wconf 89' lang='lat' dir='ltr'>potest,</span> <span class='ocrx_word' id='word_1_48' title='bbox 1025 762 1086 819; x_wconf 91' lang='lat' dir='ltr'>in</span> <span class='ocrx_word' id='word_1_49' title='bbox 1130 781 1395 838; x_wconf 85' lang='lat' dir='ltr'>quanam</span> <span class='ocrx_word' id='word_1_50' title='bbox 1443 763 1766 838; x_wconf 86' lang='lat' dir='ltr'>organismi</span> <span class='ocrx_word' id='word_1_51' title='bbox 1813 775 1983 839; x_wconf 85' lang='lat' dir='ltr'>parte</span> <span class='ocrx_word' id='word_1_52' title='bbox 2026 763 2099 822; x_wconf 89' lang='lat' dir='ltr'>sit</span> 
     </span>
     <span class='ocr_line' id='line_1_8' title="bbox 107 849 1437 926; baseline 0.003 -20"><span class='ocrx_word' id='word_1_53' title='bbox 107 849 446 922; x_wconf 85' lang='lat' dir='ltr'><strong>passionum</strong></span> <span class='ocrx_word' id='word_1_54' title='bbox 489 849 726 908; x_wconf 86' lang='lat' dir='ltr'>illarum</span> <span class='ocrx_word' id='word_1_55' title='bbox 767 849 942 909; x_wconf 90' lang='lat' dir='ltr'>sedes</span> <span class='ocrx_word' id='word_1_56' title='bbox 982 852 1079 909; x_wconf 88' lang='lat' dir='ltr'>vel</span> <span class='ocrx_word' id='word_1_57' title='bbox 1122 870 1437 926; x_wconf 88' lang='lat' dir='ltr'>organum.</span> 
     </span>
    </p>

    <p class='ocr_par' dir='ltr' id='par_1_4' title="bbox 109 939 2099 1190">
     <span class='ocr_line' id='line_1_9' title="bbox 227 939 2099 1017; baseline 0.002 -23"><span class='ocrx_word' id='word_1_58' title='bbox 227 957 278 994; x_wconf 87' lang='lat'>1.</span> <span class='ocrx_word' id='word_1_59' title='bbox 319 939 400 995; x_wconf 89' lang='lat' dir='ltr'>Et</span> <span class='ocrx_word' id='word_1_60' title='bbox 426 945 642 996; x_wconf 82' lang='lat' dir='ltr'>veteres</span> <span class='ocrx_word' id='word_1_61' title='bbox 670 939 936 1014; x_wconf 88' lang='lat' dir='ltr'>quidem,</span> <span class='ocrx_word' id='word_1_62' title='bbox 969 939 1361 999; x_wconf 88' lang='lat' dir='ltr'><strong>Aristotelem</strong></span> <span class='ocrx_word' id='word_1_63' title='bbox 1390 951 1727 1016; x_wconf 84' lang='lat' dir='ltr'>sequentes,</span> <span class='ocrx_word' id='word_1_64' title='bbox 1757 960 1853 999; x_wconf 86' lang='lat' dir='ltr'>cor</span> <span class='ocrx_word' id='word_1_65' title='bbox 1878 940 2099 1017; x_wconf 90' lang='lat' dir='ltr'>passio·</span> 
     </span>
     <span class='ocr_line' id='line_1_10' title="bbox 109 1027 2099 1104; baseline 0.004 -22"><span class='ocrx_word' id='word_1_66' title='bbox 109 1043 245 1083; x_wconf 90' lang='lat' dir='ltr'>num</span> <span class='ocrx_word' id='word_1_67' title='bbox 273 1045 568 1102; x_wconf 89' lang='lat' dir='ltr'>organum</span> <span class='ocrx_word' id='word_1_68' title='bbox 598 1045 730 1086; x_wconf 90' lang='lat' dir='ltr'>esse</span> <span class='ocrx_word' id='word_1_69' title='bbox 750 1027 1045 1099; x_wconf 84' lang='lat' dir='ltr'>dixerunt,</span> <span class='ocrx_word' id='word_1_70' title='bbox 1079 1047 1263 1104; x_wconf 88' lang='lat' dir='ltr'>quam</span> <span class='ocrx_word' id='word_1_71' title='bbox 1292 1030 1651 1089; x_wconf 87' lang='lat' dir='ltr'>sententiam</span> <span class='ocrx_word' id='word_1_72' title='bbox 1672 1030 1850 1089; x_wconf 87' lang='lat' dir='ltr'>etiam</span> <span class='ocrx_word' id='word_1_73' title='bbox 1879 1029 2099 1090; x_wconf 88' lang='lat' dir='ltr'>nostris</span> 
     </span>
     <span class='ocr_line' id='line_1_11' title="bbox 109 1115 1171 1190; baseline 0.005 -19"><span class='ocrx_word' id='word_1_74' title='bbox 109 1115 472 1190; x_wconf 85' lang='lat' dir='ltr'>temporibus</span> <span class='ocrx_word' id='word_1_75' title='bbox 513 1117 792 1174; x_wconf 87' lang='lat' dir='ltr'>nonnulli</span> <span class='ocrx_word' id='word_1_76' title='bbox 833 1127 1171 1190; x_wconf 88' lang='lat' dir='ltr'>tenuerunt,</span> 
     </span>
    </p>
   </div>
   <div class='ocr_carea' id='block_1_4' title="bbox 114 1199 2106 3064">
    <p class='ocr_par' dir='ltr' id='par_1_5' title="bbox 114 1199 2102 1371">
     <span class='ocr_line' id='line_1_12' title="bbox 227 1199 2102 1282; baseline 0.003 -20"><span class='ocrx_word' id='word_1_77' title='bbox 227 1199 282 1279; x_wconf 87' lang='lat' dir='ltr'>a)</span> <span class='ocrx_word' id='word_1_78' title='bbox 335 1216 589 1281; x_wconf 91' lang='lat' dir='ltr'>propter</span> <span class='ocrx_word' id='word_1_79' title='bbox 644 1206 1063 1267; x_wconf 88' lang='lat' dir='ltr'>auctoritatem</span> <span class='ocrx_word' id='word_1_80' title='bbox 1119 1208 1327 1266; x_wconf 87' lang='lat' dir='ltr'>Sancti</span> <span class='ocrx_word' id='word_1_81' title='bbox 1386 1207 1670 1266; x_wconf 91' lang='lat' dir='ltr'>Doctoris</span> <span class='ocrx_word' id='word_1_82' title='bbox 1687 1253 1701 1278; x_wconf 90' lang='lat'><em>,</em></span> <span class='ocrx_word' id='word_1_83' title='bbox 1760 1208 1861 1282; x_wconf 92' lang='lat' dir='ltr'>qui</span> <span class='ocrx_word' id='word_1_84' title='bbox 1920 1207 2102 1267; x_wconf 90' lang='lat' dir='ltr'>docet</span> 
     </span>
     <span class='ocr_line' id='line_1_13' title="bbox 114 1294 1574 1371; baseline 0.003 -21"><span class='ocrx_word' id='word_1_85' title='bbox 114 1311 215 1350; x_wconf 91' lang='lat' dir='ltr'>cor</span> <span class='ocrx_word' id='word_1_86' title='bbox 255 1311 381 1352; x_wconf 89' lang='lat' dir='ltr'>esse</span> <span class='ocrx_word' id='word_1_87' title='bbox 423 1294 886 1354; x_wconf 87' lang='lat' dir='ltr'>instrumentum</span> <span class='ocrx_word' id='word_1_88' title='bbox 929 1297 1279 1371; x_wconf 86' lang='lat' dir='ltr'>passionum</span> <span class='ocrx_word' id='word_1_89' title='bbox 1320 1296 1574 1356; x_wconf 85' lang='lat' dir='ltr'>animae.</span> 
     </span>
    </p>

    <p class='ocr_par' dir='ltr' id='par_1_6' title="bbox 114 1378 2106 1887">
     <span class='ocr_line' id='line_1_14' title="bbox 229 1378 2101 1460; baseline 0.002 -20"><span class='ocrx_word' id='word_1_90' title='bbox 229 1378 287 1457; x_wconf 95' lang='lat' dir='ltr'>b)</span> <span class='ocrx_word' id='word_1_91' title='bbox 345 1393 598 1460; x_wconf 89' lang='lat' dir='ltr'>propter</span> <span class='ocrx_word' id='word_1_92' title='bbox 659 1403 1046 1444; x_wconf 91' lang='lat' dir='ltr'>communem</span> <span class='ocrx_word' id='word_1_93' title='bbox 1110 1385 1423 1444; x_wconf 89' lang='lat' dir='ltr'>hominum</span> <span class='ocrx_word' id='word_1_94' title='bbox 1441 1433 1455 1458; x_wconf 91' lang='lat'><em>,</em></span> <span class='ocrx_word' id='word_1_95' title='bbox 1518 1386 1705 1444; x_wconf 88' lang='lat' dir='ltr'>immo</span> <span class='ocrx_word' id='word_1_96' title='bbox 1762 1386 2101 1460; x_wconf 85' lang='lat' dir='ltr'>Scripturae</span> 
     </span>
     <span class='ocr_line' id='line_1_15' title="bbox 114 1471 2101 1550; baseline 0.002 -22"><span class='ocrx_word' id='word_1_97' title='bbox 114 1471 325 1530; x_wconf 84' lang='lat' dir='ltr'>Sacrae</span> <span class='ocrx_word' id='word_1_98' title='bbox 380 1474 674 1548; x_wconf 90' lang='lat' dir='ltr'>loquendi</span> <span class='ocrx_word' id='word_1_99' title='bbox 729 1475 998 1534; x_wconf 89' lang='lat' dir='ltr'>modum.</span> <span class='ocrx_word' id='word_1_100' title='bbox 1084 1476 1285 1550; x_wconf 87' lang='lat' dir='ltr'>Vulgo</span> <span class='ocrx_word' id='word_1_101' title='bbox 1341 1475 1505 1534; x_wconf 90' lang='lat' dir='ltr'>enim</span> <span class='ocrx_word' id='word_1_102' title='bbox 1560 1474 1806 1534; x_wconf 88' lang='lat' dir='ltr'>dicitur:</span> <span class='ocrx_word' id='word_1_103' title='bbox 1870 1473 2005 1548; x_wconf 77' lang='lat' dir='ltr'>«j&#39;ai</span> <span class='ocrx_word' id='word_1_104' title='bbox 2046 1474 2101 1532; x_wconf 85' lang='lat' dir='ltr'>le</span> 
     </span>
     <span class='ocr_line' id='line_1_16' title="bbox 114 1561 2104 1638; baseline 0.002 -21"><span class='ocrx_word' id='word_1_105' title='bbox 114 1578 275 1618; x_wconf 87' lang='lat' dir='ltr'>coeur</span> <span class='ocrx_word' id='word_1_106' title='bbox 330 1579 543 1636; x_wconf 74' lang='lat' dir='ltr'>gros»,</span> <span class='ocrx_word' id='word_1_107' title='bbox 614 1562 750 1638; x_wconf 81' lang='lat' dir='ltr'>«j’ai</span> <span class='ocrx_word' id='word_1_108' title='bbox 804 1565 861 1622; x_wconf 92' lang='lat' dir='ltr'>le</span> <span class='ocrx_word' id='word_1_109' title='bbox 920 1581 1089 1622; x_wconf 88' lang='lat' dir='ltr'>coeur</span> <span class='ocrx_word' id='word_1_110' title='bbox 1148 1563 1343 1622; x_wconf 76' lang='lat' dir='ltr'>brise»</span> <span class='ocrx_word' id='word_1_111' title='bbox 1368 1609 1381 1635; x_wconf 93' lang='lat'><em>,</em></span> <span class='ocrx_word' id='word_1_112' title='bbox 1451 1581 1550 1622; x_wconf 77' lang='lat' dir='ltr'>«es</span> <span class='ocrx_word' id='word_1_113' title='bbox 1607 1564 1759 1622; x_wconf 90' lang='lat' dir='ltr'>freut</span> <span class='ocrx_word' id='word_1_114' title='bbox 1812 1561 1941 1622; x_wconf 88' lang='lat' dir='ltr'>sich</span> <span class='ocrx_word' id='word_1_115' title='bbox 1997 1561 2104 1620; x_wconf 89' lang='lat' dir='ltr'>des</span> 
     </span>
     <span class='ocr_line' id='line_1_17' title="bbox 117 1651 2101 1728; baseline 0.001 -22"><span class='ocrx_word' id='word_1_116' title='bbox 117 1651 440 1711; x_wconf 88' lang='lat' dir='ltr'>Menschen</span> <span class='ocrx_word' id='word_1_117' title='bbox 483 1653 712 1724; x_wconf 80' lang='lat' dir='ltr'>Herz»,</span> <span class='ocrx_word' id='word_1_118' title='bbox 771 1662 832 1712; x_wconf 90' lang='lat' dir='ltr'>et</span> <span class='ocrx_word' id='word_1_119' title='bbox 875 1652 1183 1728; x_wconf 85' lang='lat' dir='ltr'>Scriptura</span> <span class='ocrx_word' id='word_1_120' title='bbox 1226 1653 1409 1712; x_wconf 84' lang='lat' dir='ltr'>Sacra</span> <span class='ocrx_word' id='word_1_121' title='bbox 1425 1698 1439 1722; x_wconf 91' lang='lat'><em>,</em></span> <span class='ocrx_word' id='word_1_122' title='bbox 1488 1653 1647 1710; x_wconf 86' lang='lat' dir='ltr'>inter</span> <span class='ocrx_word' id='word_1_123' title='bbox 1686 1651 1831 1710; x_wconf 84' lang='lat' dir='ltr'>alias</span> <span class='ocrx_word' id='word_1_124' title='bbox 1872 1651 2101 1720; x_wconf 83' lang='lat' dir='ltr'>multas,</span> 
     </span>
     <span class='ocr_line' id='line_1_18' title="bbox 117 1739 2106 1815; baseline -0.001 -20"><span class='ocrx_word' id='word_1_125' title='bbox 117 1739 266 1796; x_wconf 87' lang='lat' dir='ltr'>hanc</span> <span class='ocrx_word' id='word_1_126' title='bbox 322 1740 615 1815; x_wconf 91' lang='lat' dir='ltr'>loquendi</span> <span class='ocrx_word' id='word_1_127' title='bbox 678 1741 998 1800; x_wconf 85' lang='lat' dir='ltr'>formulam</span> <span class='ocrx_word' id='word_1_128' title='bbox 1059 1741 1343 1800; x_wconf 84' lang='lat' dir='ltr'>adhibet:</span> <span class='ocrx_word' id='word_1_129' title='bbox 1422 1743 1771 1800; x_wconf 69' lang='lat' dir='ltr'>«Laetatum</span> <span class='ocrx_word' id='word_1_130' title='bbox 1841 1747 1931 1798; x_wconf 88' lang='lat' dir='ltr'>est</span> <span class='ocrx_word' id='word_1_131' title='bbox 2000 1756 2106 1796; x_wconf 94' lang='lat' dir='ltr'>cor</span> 
     </span>
     <span class='ocr_line' id='line_1_19' title="bbox 121 1845 364 1887; baseline 0.012 -3"><span class='ocrx_word' id='word_1_132' title='bbox 121 1845 364 1887; x_wconf 71' lang='lat' dir='ltr'>meum».</span> 
     </span>
    </p>

    <p class='ocr_par' dir='ltr' id='par_1_7' title="bbox 119 1912 2105 2261">
     <span class='ocr_line' id='line_1_20' title="bbox 229 1912 2105 1995; baseline -0.003 -18"><span class='ocrx_word' id='word_1_133' title='bbox 229 1912 282 1993; x_wconf 90' lang='lat' dir='ltr'>c)</span> <span class='ocrx_word' id='word_1_134' title='bbox 324 1931 578 1995; x_wconf 89' lang='lat' dir='ltr'>propter</span> <span class='ocrx_word' id='word_1_135' title='bbox 620 1920 871 1981; x_wconf 90' lang='lat' dir='ltr'>evidens</span> <span class='ocrx_word' id='word_1_136' title='bbox 914 1919 1329 1980; x_wconf 88' lang='lat' dir='ltr'>conscientiae</span> <span class='ocrx_word' id='word_1_137' title='bbox 1370 1917 1793 1989; x_wconf 88' lang='lat' dir='ltr'>testimonium,</span> <span class='ocrx_word' id='word_1_138' title='bbox 1842 1934 1963 1992; x_wconf 92' lang='lat' dir='ltr'>quo</span> <span class='ocrx_word' id='word_1_139' title='bbox 1998 1913 2105 1974; x_wconf 91' lang='lat' dir='ltr'>sci·</span> 
     </span>
     <span class='ocr_line' id='line_1_21' title="bbox 119 2008 2105 2084; baseline -0.001 -21"><span class='ocrx_word' id='word_1_140' title='bbox 119 2024 238 2065; x_wconf 90' lang='lat' dir='ltr'>mus</span> <span class='ocrx_word' id='word_1_141' title='bbox 277 2025 348 2066; x_wconf 88' lang='lat' dir='ltr'>ex</span> <span class='ocrx_word' id='word_1_142' title='bbox 400 2009 787 2084; x_wconf 85' lang='lat' dir='ltr'>passionibus</span> <span class='ocrx_word' id='word_1_143' title='bbox 845 2028 952 2069; x_wconf 94' lang='lat' dir='ltr'>cor</span> <span class='ocrx_word' id='word_1_144' title='bbox 996 2011 1411 2081; x_wconf 88' lang='lat' dir='ltr'>transmutari,</span> <span class='ocrx_word' id='word_1_145' title='bbox 1470 2008 1921 2066; x_wconf 84' lang='lat' dir='ltr'>circulationem</span> <span class='ocrx_word' id='word_1_146' title='bbox 1978 2022 2105 2063; x_wconf 87' lang='lat' dir='ltr'>san-</span> 
     </span>
     <span class='ocr_line' id='line_1_22' title="bbox 123 2092 2103 2173; baseline -0.002 -22"><span class='ocrx_word' id='word_1_147' title='bbox 123 2095 298 2169; x_wconf 86' lang='lat' dir='ltr'>guinis</span> <span class='ocrx_word' id='word_1_148' title='bbox 341 2098 712 2173; x_wconf 87' lang='lat' dir='ltr'>perturbari‚</span> <span class='ocrx_word' id='word_1_149' title='bbox 759 2099 909 2157; x_wconf 88' lang='lat' dir='ltr'>alios</span> <span class='ocrx_word' id='word_1_150' title='bbox 951 2098 1293 2158; x_wconf 91' lang='lat' dir='ltr'>huiusmodi</span> <span class='ocrx_word' id='word_1_151' title='bbox 1338 2098 1584 2157; x_wconf 86' lang='lat' dir='ltr'>effectus</span> <span class='ocrx_word' id='word_1_152' title='bbox 1626 2094 2001 2171; x_wconf 89' lang='lat' dir='ltr'>passionibus</span> <span class='ocrx_word' id='word_1_153' title='bbox 2043 2092 2103 2149; x_wconf 91' lang='lat' dir='ltr'>in</span> 
     </span>
     <span class='ocr_line' id='line_1_23' title="bbox 123 2185 600 2261; baseline 0.01 -21"><span class='ocrx_word' id='word_1_154' title='bbox 123 2185 282 2243; x_wconf 89' lang='lat' dir='ltr'>nobis</span> <span class='ocrx_word' id='word_1_155' title='bbox 323 2186 600 2261; x_wconf 90' lang='lat' dir='ltr'>produci.</span> 
     </span>
    </p>

    <p class='ocr_par' dir='ltr' id='par_1_8' title="bbox 124 2272 2105 2619">
     <span class='ocr_line' id='line_1_24' title="bbox 233 2272 2104 2352; baseline -0.004 -21"><span class='ocrx_word' id='word_1_156' title='bbox 233 2294 280 2332; x_wconf 88' lang='lat'>2.</span> <span class='ocrx_word' id='word_1_157' title='bbox 339 2276 704 2333; x_wconf 74' lang='lat' dir='ltr'>Recentiores</span> <span class='ocrx_word' id='word_1_158' title='bbox 766 2294 910 2335; x_wconf 90' lang='lat' dir='ltr'>vero</span> <span class='ocrx_word' id='word_1_159' title='bbox 972 2276 1380 2352; x_wconf 85' lang='lat' dir='ltr'>distinguunt:</span> <span class='ocrx_word' id='word_1_160' title='bbox 1453 2292 1749 2351; x_wconf 88' lang='lat' dir='ltr'>organum</span> <span class='ocrx_word' id='word_1_161' title='bbox 1808 2272 2104 2328; x_wconf 80' lang='lat' dir='ltr'>elicitivum</span> 
     </span>
     <span class='ocr_line' id='line_1_25' title="bbox 125 2361 2105 2438; baseline -0.003 -20"><span class='ocrx_word' id='word_1_162' title='bbox 125 2363 400 2438; x_wconf 84' lang='lat' dir='ltr'>appetitus</span> <span class='ocrx_word' id='word_1_163' title='bbox 443 2365 712 2423; x_wconf 88' lang='lat' dir='ltr'>sensitivi</span> <span class='ocrx_word' id='word_1_164' title='bbox 756 2365 965 2424; x_wconf 85' lang='lat' dir='ltr'>dicunt</span> <span class='ocrx_word' id='word_1_165' title='bbox 1005 2384 1134 2424; x_wconf 90' lang='lat' dir='ltr'>non</span> <span class='ocrx_word' id='word_1_166' title='bbox 1177 2382 1309 2423; x_wconf 89' lang='lat' dir='ltr'>esse</span> <span class='ocrx_word' id='word_1_167' title='bbox 1354 2382 1478 2435; x_wconf 91' lang='lat' dir='ltr'>cor,</span> <span class='ocrx_word' id='word_1_168' title='bbox 1528 2361 1636 2420; x_wconf 91' lang='lat' dir='ltr'>sed</span> <span class='ocrx_word' id='word_1_169' title='bbox 1678 2369 1933 2435; x_wconf 87' lang='lat' dir='ltr'>systema</span> <span class='ocrx_word' id='word_1_170' title='bbox 1976 2375 2105 2415; x_wconf 90' lang='lat' dir='ltr'>ner-</span> 
     </span>
     <span class='ocr_line' id='line_1_26' title="bbox 124 2447 2105 2529; baseline -0.005 -19"><span class='ocrx_word' id='word_1_171' title='bbox 124 2468 296 2523; x_wconf 88' lang='lat' dir='ltr'>veum,</span> <span class='ocrx_word' id='word_1_172' title='bbox 337 2453 658 2529; x_wconf 88' lang='lat' dir='ltr'>speciatim</span> <span class='ocrx_word' id='word_1_173' title='bbox 699 2454 985 2512; x_wconf 81' lang='lat' dir='ltr'>cerebrum</span> <span class='ocrx_word' id='word_1_174' title='bbox 999 2476 1020 2525; x_wconf 89' lang='lat'>,·</span> <span class='ocrx_word' id='word_1_175' title='bbox 1063 2472 1193 2513; x_wconf 90' lang='lat' dir='ltr'>esse</span> <span class='ocrx_word' id='word_1_176' title='bbox 1238 2463 1441 2511; x_wconf 88' lang='lat' dir='ltr'>tamen</span> <span class='ocrx_word' id='word_1_177' title='bbox 1485 2468 1591 2509; x_wconf 91' lang='lat' dir='ltr'>cor</span> <span class='ocrx_word' id='word_1_178' title='bbox 1630 2447 1977 2524; x_wconf 86' lang='lat' dir='ltr'>primarium</span> <span class='ocrx_word' id='word_1_179' title='bbox 2006 2464 2105 2519; x_wconf 84' lang='lat' dir='ltr'>ap·</span> 
     </span>
     <span class='ocr_line' id='line_1_27' title="bbox 129 2540 1565 2619; baseline -0.001 -22"><span class='ocrx_word' id='word_1_180' title='bbox 129 2540 320 2612; x_wconf 87' lang='lat' dir='ltr'>petitus</span> <span class='ocrx_word' id='word_1_181' title='bbox 361 2542 632 2601; x_wconf 89' lang='lat' dir='ltr'>sensitivi</span> <span class='ocrx_word' id='word_1_182' title='bbox 675 2561 969 2619; x_wconf 89' lang='lat' dir='ltr'>organum</span> <span class='ocrx_word' id='word_1_183' title='bbox 1014 2542 1509 2617; x_wconf 76' lang='lat' dir='ltr'>mam&#39;fl‘stativum</span> <span class='ocrx_word' id='word_1_184' title='bbox 1530 2540 1565 2595; x_wconf 77' lang='lat'>⁹.</span> 
     </span>
    </p>

    <p class='ocr_par' dir='ltr' id='par_1_9' title="bbox 231 2629 2081 2717">
     <span class='ocr_line' id='line_1_28' title="bbox 231 2629 2081 2717; baseline -0.004 -29"><span class='ocrx_word' id='word_1_185' title='bbox 231 2630 409 2689; x_wconf 85' lang='lat' dir='ltr'>Cuius</span> <span class='ocrx_word' id='word_1_186' title='bbox 451 2632 789 2691; x_wconf 90' lang='lat' dir='ltr'>sententiae</span> <span class='ocrx_word' id='word_1_187' title='bbox 833 2632 1095 2708; x_wconf 87' lang='lat' dir='ltr'>priorem</span> <span class='ocrx_word' id='word_1_188' title='bbox 1140 2642 1379 2706; x_wconf 90' lang='lat' dir='ltr'>partem</span> <span class='ocrx_word' id='word_1_189' title='bbox 1419 2629 1710 2704; x_wconf 90' lang='lat' dir='ltr'>probant:</span> <span class='ocrx_word' id='word_1_190' title='bbox 2070 2707 2081 2717; x_wconf 31' lang='lat'><em>⁶</em></span> 
     </span>
    </p>

    <p class='ocr_par' dir='ltr' id='par_1_10' title="bbox 126 2713 2104 3064">
     <span class='ocr_line' id='line_1_29' title="bbox 232 2713 2104 2797; baseline -0.007 -20"><span class='ocrx_word' id='word_1_191' title='bbox 232 2716 284 2794; x_wconf 89' lang='lat' dir='ltr'>a)</span> <span class='ocrx_word' id='word_1_192' title='bbox 325 2722 708 2796; x_wconf 87' lang='lat' dir='ltr'>Argumento</span> <span class='ocrx_word' id='word_1_193' title='bbox 739 2723 1138 2797; x_wconf 77' lang='lat' dir='ltr'>physiologice.</span> <span class='ocrx_word' id='word_1_194' title='bbox 1230 2720 1541 2793; x_wconf 85' lang='lat' dir='ltr'>Organum</span> <span class='ocrx_word' id='word_1_195' title='bbox 1591 2713 1887 2790; x_wconf 90' lang='lat' dir='ltr'>appetitus</span> <span class='ocrx_word' id='word_1_196' title='bbox 1928 2726 2104 2767; x_wconf 79' lang='lat' dir='ltr'>sensi-</span> 
     </span>
     <span class='ocr_line' id='line_1_30' title="bbox 126 2798 2101 2891; baseline -0.002 -29"><span class='ocrx_word' id='word_1_197' title='bbox 126 2806 238 2878; x_wconf 88' lang='lat' dir='ltr'>tivi,</span> <span class='ocrx_word' id='word_1_198' title='bbox 292 2808 486 2881; x_wconf 88' lang='lat' dir='ltr'>aiunt,</span> <span class='ocrx_word' id='word_1_199' title='bbox 545 2810 610 2867; x_wconf 91' lang='lat' dir='ltr'>in</span> <span class='ocrx_word' id='word_1_200' title='bbox 655 2829 729 2869; x_wconf 87' lang='lat' dir='ltr'>ea</span> <span class='ocrx_word' id='word_1_201' title='bbox 771 2819 943 2887; x_wconf 87' lang='lat' dir='ltr'>parte</span> <span class='ocrx_word' id='word_1_202' title='bbox 987 2808 1262 2885; x_wconf 91' lang='lat' dir='ltr'>corporis</span> <span class='ocrx_word' id='word_1_203' title='bbox 1305 2805 1659 2882; x_wconf 89' lang='lat' dir='ltr'>ponendum</span> <span class='ocrx_word' id='word_1_204' title='bbox 1702 2811 1821 2871; x_wconf 88' lang='lat' dir='ltr'>est,</span> <span class='ocrx_word' id='word_1_205' title='bbox 1878 2798 1939 2854; x_wconf 90' lang='lat' dir='ltr'>in</span> <span class='ocrx_word' id='word_1_206' title='bbox 1983 2812 2101 2891; x_wconf 49' lang='lat' dir='ltr'>quq</span> 
     </span>
     <span class='ocr_line' id='line_1_31' title="bbox 129 2889 2102 2976; baseline -0.008 -25"><span class='ocrx_word' id='word_1_207' title='bbox 129 2899 440 2973; x_wconf 89' lang='lat' dir='ltr'>completur</span> <span class='ocrx_word' id='word_1_208' title='bbox 491 2899 811 2976; x_wconf 89' lang='lat' dir='ltr'>perceptio</span> <span class='ocrx_word' id='word_1_209' title='bbox 854 2898 1118 2970; x_wconf 84' lang='lat' dir='ltr'>sensilis,</span> <span class='ocrx_word' id='word_1_210' title='bbox 1179 2907 1241 2955; x_wconf 92' lang='lat' dir='ltr'>et</span> <span class='ocrx_word' id='word_1_211' title='bbox 1283 2916 1319 2953; x_wconf 88' lang='lat' dir='ltr'>a</span> <span class='ocrx_word' id='word_1_212' title='bbox 1368 2913 1487 2970; x_wconf 90' lang='lat' dir='ltr'>qua</span> <span class='ocrx_word' id='word_1_213' title='bbox 1541 2889 1881 2967; x_wconf 90' lang='lat' dir='ltr'>procedunt</span> <span class='ocrx_word' id='word_1_214' title='bbox 1936 2900 2102 2940; x_wconf 74' lang='lat' dir='ltr'>nerw</span> 
     </span>
     <span class='ocr_line' id='line_1_32' title="bbox 128 2971 2097 3064; baseline -0.009 -22"><span class='ocrx_word' id='word_1_215' title='bbox 128 2986 358 3045; x_wconf 88' lang='lat' dir='ltr'>motorii.</span> <span class='ocrx_word' id='word_1_216' title='bbox 417 2990 548 3046; x_wconf 88' lang='lat' dir='ltr'>Iam</span> <span class='ocrx_word' id='word_1_217' title='bbox 578 3007 726 3047; x_wconf 87' lang='lat' dir='ltr'>vero</span> <span class='ocrx_word' id='word_1_218' title='bbox 756 2987 1071 3064; x_wconf 89' lang='lat' dir='ltr'>perceptio</span> <span class='ocrx_word' id='word_1_219' title='bbox 1111 2984 1345 3045; x_wconf 90' lang='lat' dir='ltr'>sensilis</span> <span class='ocrx_word' id='word_1_220' title='bbox 1376 2981 1709 3055; x_wconf 90' lang='lat' dir='ltr'>completur</span> <span class='ocrx_word' id='word_1_221' title='bbox 1738 2976 1800 3032; x_wconf 89' lang='lat' dir='ltr'>in</span> <span class='ocrx_word' id='word_1_222' title='bbox 1831 2971 2097 3038; x_wconf 89' lang='lat' dir='ltr'>cerebr0‚</span> 
     </span>
    </p>
   </div>
   <div class='ocr_carea' id='block_1_5' title="bbox 133 3168 2103 3333">
    <p class='ocr_par' dir='ltr' id='par_1_11' title="bbox 133 3168 2103 3333">
     <span class='ocr_line' id='line_1_33' title="bbox 229 3168 2095 3251; baseline -0.014 -12"><span class='ocrx_word' id='word_1_223' title='bbox 229 3184 248 3239; x_wconf 34' lang='lat'>1¹</span> <span class='ocrx_word' id='word_1_224' title='bbox 283 3187 614 3238; x_wconf 87' lang='lat' dir='ltr'>Diversarum</span> <span class='ocrx_word' id='word_1_225' title='bbox 633 3190 985 3239; x_wconf 87' lang='lat' dir='ltr'>sensationum</span> <span class='ocrx_word' id='word_1_226' title='bbox 1007 3186 1415 3237; x_wconf 85' lang='lat' dir='ltr'>transmissiones</span> <span class='ocrx_word' id='word_1_227' title='bbox 1436 3191 1487 3231; x_wconf 90' lang='lat' dir='ltr'>et</span> <span class='ocrx_word' id='word_1_228' title='bbox 1512 3188 1738 3229; x_wconf 90' lang='lat' dir='ltr'>motuum</span> <span class='ocrx_word' id='word_1_229' title='bbox 1764 3168 2095 3251; x_wconf 74' lang='lat' dir='ltr'>excitationes</span> 
     </span>
     <span class='ocr_line' id='line_1_34' title="bbox 133 3244 2103 3333; baseline -0.011 -23"><span class='ocrx_word' id='word_1_230' title='bbox 133 3263 374 3316; x_wconf 84' lang='lat' dir='ltr'>illustratas</span> <span class='ocrx_word' id='word_1_231' title='bbox 413 3269 614 3318; x_wconf 88' lang='lat' dir='ltr'>invenis</span> <span class='ocrx_word' id='word_1_232' title='bbox 655 3270 709 3317; x_wconf 90' lang='lat' dir='ltr'>in</span> <span class='ocrx_word' id='word_1_233' title='bbox 737 3269 823 3333; x_wconf 89' lang='lat' dir='ltr'>fig.</span> <span class='ocrx_word' id='word_1_234' title='bbox 862 3282 941 3317; x_wconf 90' lang='lat'>10.</span> <span class='ocrx_word' id='word_1_235' title='bbox 968 3294 1042 3301; x_wconf 92' lang='lat'><strong>—</strong></span> <span class='ocrx_word' id='word_1_236' title='bbox 1067 3267 1221 3316; x_wconf 76' lang='lat' dir='ltr'><em>Pesck</em></span> <span class='ocrx_word' id='word_1_237' title='bbox 1247 3266 1281 3314; x_wconf 91' lang='lat'>1.</span> <span class='ocrx_word' id='word_1_238' title='bbox 1311 3280 1353 3313; x_wconf 94' lang='lat' dir='ltr'>c.</span> <span class='ocrx_word' id='word_1_239' title='bbox 1382 3264 1421 3322; x_wconf 85' lang='grc' dir='ltr'>Ι,</span> <span class='ocrx_word' id='word_1_240' title='bbox 1452 3262 1538 3309; x_wconf 81' lang='grc'>62.</span> <span class='ocrx_word' id='word_1_241' title='bbox 1593 3257 1669 3305; x_wconf 87' lang='lat' dir='ltr'>Cf.</span> <span class='ocrx_word' id='word_1_242' title='bbox 1710 3255 1859 3302; x_wconf 86' lang='lat' dir='ltr'>etiam</span> <span class='ocrx_word' id='word_1_243' title='bbox 1886 3244 2103 3295; x_wconf 76' lang='lat' dir='ltr'>Landots</span> 
     </span>
    </p>
   </div>
   <div class='ocr_carea' id='block_1_6' title="bbox 132 3339 1627 3411">
    <p class='ocr_par' dir='ltr' id='par_1_12' title="bbox 132 3339 1627 3411">
     <span class='ocr_line' id='line_1_35' title="bbox 132 3339 1627 3411; baseline -0.017 -3"><span class='ocrx_word' id='word_1_244' title='bbox 132 3343 158 3391; x_wconf 76' lang='lat' dir='ltr'>l·</span> <span class='ocrx_word' id='word_1_245' title='bbox 191 3362 228 3407; x_wconf 69' lang='lat'>⁴*-</span> <span class='ocrx_word' id='word_1_246' title='bbox 263 3364 312 3411; x_wconf 86' lang='lat' dir='ltr'>p.</span> <span class='ocrx_word' id='word_1_247' title='bbox 352 3349 475 3399; x_wconf 89' lang='lat'><strong>680.</strong></span> <span class='ocrx_word' id='word_1_248' title='bbox 535 3396 542 3402; x_wconf 83' lang='lat'><em>.</em></span> <span class='ocrx_word' id='word_1_249' title='bbox 684 3347 706 3379; x_wconf 74' lang='lat'><strong>²</strong></span> <span class='ocrx_word' id='word_1_250' title='bbox 745 3350 824 3398; x_wconf 84' lang='lat' dir='ltr'>Cf.</span> <span class='ocrx_word' id='word_1_251' title='bbox 867 3350 1086 3397; x_wconf 82' lang='lat' dir='ltr'>Mercier</span> <span class='ocrx_word' id='word_1_252' title='bbox 1122 3345 1155 3393; x_wconf 88' lang='lat' dir='ltr'>l.</span> <span class='ocrx_word' id='word_1_253' title='bbox 1196 3362 1241 3393; x_wconf 91' lang='lat' dir='ltr'>c.</span> <span class='ocrx_word' id='word_1_254' title='bbox 1280 3360 1333 3407; x_wconf 90' lang='lat' dir='ltr'>p.</span> <span class='ocrx_word' id='word_1_255' title='bbox 1375 3339 1479 3388; x_wconf 88' lang='lat'>288</span> <span class='ocrx_word' id='word_1_256' title='bbox 1518 3350 1627 3397; x_wconf 87' lang='lat' dir='ltr'>sqq.</span> 
     </span>
    </p>
   </div>
  </div>
 </body>
</html>
