2367 3850
1907 0 1916 1 ‘
1923 0 1949 8 ’·
1955 0 2218 32 FUQWCY'*
2225 0 2242 26 ξ
2247 7 2256 14 ,

280 200 375 250 134
699 200 1205 238 ANTHROPOLOGIA.
1272 202 1408 237 PARS
1449 201 1833 238 SYNTHETICA.

390 350 560 422 Quae
604 347 898 408 sententia
914 395 927 420 ‚
992 367 1128 408 cum
1191 349 1372 424 gratis
1432 349 1754 409 affirmetur
1772 396 1787 422 ,
1845 349 2233 408 conscientiae

270 438 605 496 testimonio
653 439 817 496 nullo
858 437 1045 496 modo
1086 439 1347 497 firmetur
1362 485 1376 510 ‚
1435 449 1635 498 rectae
1677 438 1897 498 rationi
1938 450 2230 514 repugnet,

270 526 518 585 omnino
547 526 945 602 improbanda
984 537 1086 585 est.
1158 527 1379 585 Anima
1407 529 1584 599 enim,
1629 546 1766 586 cum
1795 527 1869 586 sit
1911 529 2234 586 naturaliter

270 617 461 674 forma
489 615 773 692 corporis,
817 625 959 674 tunc
997 618 1184 674 solum
1229 615 1620 691 producenda
1661 635 1790 676 esse
1820 616 2075 688 videtur,
2118 636 2232 675 cum

270 704 615 779 producitur
665 704 858 780 ipsum
913 704 1327 780 compositum.
1425 706 1619 764 Potest
1674 705 1920 781 quidem
1978 715 2235 782 tempore

268 792 429 868 prius
485 794 762 853 exsistere
821 812 999 869 quam
1055 794 1484 870 compositum:
1545 813 1754 854 revera
1808 805 2014 854 tamen
2064 796 2234 870 ipsam

270 881 721 957 praeexstitisse,
766 885 927 941 nulla
958 884 1250 959 probabili
1285 884 1508 942 ratione
1535 885 1771 943 ostendi
1805 895 2020 961 potest.
2073 885 2236 944 Unde

270 972 579 1046 praeclara
620 971 720 1030 illa
760 993 797 1030 a
836 981 961 1031 tota
1002 974 1210 1031 schola
1249 983 1628 1048 propugnata
1667 973 1944 1032 assertio:
2003 974 2236 1032 Animae

267 1059 550 1118 humanae
604 1079 716 1118 non
760 1062 931 1136 prius
969 1069 1256 1132 creantur,
1313 1081 1484 1137 quam
1523 1064 1640 1120 suis
1678 1065 2102 1136 coniunguntur
2138 1082 2234 1120 cor·

308 1150 512 1208 oribus.

258 1157 307 1223 p
388 1247 485 1304 Ad
508 1266 634 1306 rem
654 1247 990 1307 Concilium
1011 1249 1470 1324 Constantinop.
1493 1251 1551 1307 II
1573 1245 1626 1325 (5
1638 1243 1766 1326 53):
1803 1250 1900 1307 «Si
1931 1251 2068 1324 quis
2088 1251 2230 1308 fabu-

268 1337 456 1394 losam
498 1335 828 1395 animarum
869 1338 1414 1413 praeexsistentiam
1446 1384 1458 1397 .
1492 1384 1504 1397 .
1539 1385 1550 1397 .
1597 1338 1940 1410 asseruerit,
1995 1341 2073 1397 A.
2113 1340 2230 1405 S.»;

268 1435 328 1482 et
369 1426 495 1482 Leo
538 1427 621 1482 M.
667 1426 729 1482 in
771 1425 1022 1501 epistola
1063 1427 1405 1503 dogmatica
1451 1428 1530 1486 ad
1571 1428 1941 1486 Turribium:
1998 1429 2233 1488 «Catho-

268 1513 384 1571 lica
423 1514 628 1585 fides»,
672 1514 893 1590 inquit,
943 1534 1015 1573 «a
1052 1535 1309 1593 corpore
1353 1535 1492 1575 suae
1535 1517 1772 1575 unitatis
1813 1517 2072 1576 abscidit
2114 1512 2232 1592 (pri-

268 1597 674 1678 scillianistas),
720 1614 1059 1662 constanter
1101 1605 1456 1682 praedicans
1498 1617 1676 1681 atque
1717 1607 2036 1677 veraciter,
2083 1605 2229 1681 quod

269 1691 503 1751 animae
531 1692 859 1766 hominum,
900 1693 1246 1770 priusquam
1275 1695 1390 1754 suis
1418 1695 1845 1770 inspirarentur
1874 1696 2227 1772 corporibus

268 1799 393 1838 non
436 1781 654 1839 fuere.»

342 1973 377 2041 ἓ
415 1989 463 2025 2.
529 1980 795 2041 Quonam
834 1987 1130 2028 momento
1169 1980 1436 2043 temporis
1473 1980 1663 2029 anima
1699 1980 1992 2030 rationalis
2031 1995 2156 2030 cum

659 2072 891 2121 corpore
930 2060 1170 2118 uniatur,
1211 2061 1392 2123 magi·
1431 2061 1845 2110 determinatur.

386 2199 873 2257 Praeexsistentia
915 2199 1245 2258 animarum
1288 2200 1509 2259 reiecta
1525 2246 1538 2271 ,
1595 2201 1714 2259 iam
1755 2200 1998 2259 ulterius
2039 2197 2228 2275 quaeri

266 2296 491 2360 potest,
555 2306 817 2362 quonam
877 2290 1146 2365 praecise
1203 2299 1476 2364 tempore
1529 2291 1622 2347 vel
1677 2300 1987 2348 momento
2047 2288 2229 2345 anima

266 2374 566 2434 rationalis
608 2377 849 2453 corpori
890 2396 995 2436 suo
1038 2377 1397 2437 infundatur.

388 2474 551 2531 Duas
606 2474 721 2533 hac
776 2474 852 2534 de
912 2494 976 2534 re
1032 2477 1320 2535 habemus
1375 2474 1863 2535 scholasticorum
1905 2474 2230 2535 sententias.

386 2572 431 2628 I.
490 2572 829 2631 Secundum
886 2574 943 2631 S.
1002 2574 1308 2632 Doctorem
1365 2574 1565 2632 anima
1617 2573 1786 2632 initio
1841 2570 2232 2648 generationis

266 2675 389 2716 non
419 2670 507 2718 est
533 2660 647 2719 nisi
674 2663 1023 2737 vegetativa,
1064 2681 1319 2739 corpore
1348 2663 1569 2722 deinde
1598 2662 1960 2722 sufficienter
1987 2662 2230 2730 evolute,

268 2766 340 2805 ex
369 2751 703 2824 vegetativa
731 2753 931 2809 anima
960 2764 1243 2827 corrupta
1268 2755 1334 2811 fit
1359 2753 1560 2811 anima
1587 2752 1880 2823 sensitiva,
1928 2770 2080 2826 quae
2120 2749 2232 2825 qui-

267 2836 406 2895 dem
466 2838 668 2897 anima
728 2840 1006 2900 sensitiva
1066 2860 1284 2917 corpus
1342 2842 1421 2899 ad
1481 2841 1923 2917 suscipiendam
1983 2841 2230 2898 animam

265 2925 617 2997 rationalem
674 2928 952 3005 disponit.
1038 2930 1160 2989 Ubi
1216 2930 1473 3007 primum
1527 2949 1672 2990 vero
1727 2932 1882 2989 haec
1935 2927 2230 3004 dispositio

266 3016 532 3089 perfecta
587 3029 703 3091 est,
761 3020 959 3077 anima
1016 3020 1319 3078 rationalis
1374 3039 1410 3077 a
1451 3021 1588 3079 Deo
1629 3030 1864 3078 creatur
1905 3030 1966 3077 et
2005 3016 2230 3092 corpori
2316 3002 2317 3077 Ϊ

265 3102 622 3178 infunditur,
679 3107 761 3166 ita
814 3119 1015 3167 tamen
1069 3119 1161 3180 ut,
1227 3119 1505 3185 corrupta
1560 3109 1760 3167 anima
1815 3108 2118 3178 sensitiva,
2171 3105 2227 3162 in

265 3192 509 3252 homine
537 3213 662 3253 non
692 3196 765 3255 sit
790 3197 904 3256 nisi
940 3196 1116 3255 unica
1157 3197 1374 3270 anima,
1418 3198 1617 3256 anima
1657 3198 1886 3257 scilicet
1924 3194 2226 3264 rationaliS‚

268 3297 423 3353 quae
440 3281 649 3340 virtute
672 3302 774 3341 sua
794 3286 1060 3343 continet
1078 3285 1372 3360 quidquid
1392 3288 1725 3345 habuerunt
1745 3288 1976 3345 formae
1995 3284 2223 3361 prioreS,

267 3376 325 3422 et
366 3367 563 3423 adhuc
605 3370 873 3443 amplius,

2259 0 2302 18 „q
2309 11 2312 14 ἢ
