2367 3850
392 195 473 232 DE
508 197 965 234 OPERATIONIBUS
1005 197 1113 232 VEL
1153 197 1392 234 ACTIBUS
1433 197 1808 235 VOLUNTATIS.
2017 185 2084 247 83

102 341 395 417 operibus
413 389 426 414 ,
485 344 673 402 factis,
758 345 948 403 Verbis
965 367 984 403 .·
1043 361 1254 403 omnes
1308 345 1467 404 enim
1524 345 1602 404 de
1657 364 1763 404 sua
1813 345 2086 404 libertate

100 433 198 489 vel
242 432 813 493 indeterminatione
843 437 1177 509 loquuntur.
1243 434 1520 510 Operibus
1535 457 1553 492 .·
1594 436 1642 493 si
1677 436 1920 510 quidem
1949 445 2086 493 ante

104 520 415 579 actionem
459 521 810 594 deliberant,
855 523 1106 581 consilia
1146 533 1432 599 expetunt
1466 524 1560 581 vel
1603 523 1765 594 dant,
1809 523 2088 600 praemiis

103 611 203 668 vel
244 611 462 685 paenis
503 612 825 688 propositis
861 612 1045 670 multa
1088 613 1354 671 suadent.
1425 613 1622 670 Factis
1637 635 1656 670 .·
1695 613 1886 672 ubivis
1927 632 2090 672 nam-

106 716 225 772 que
268 700 539 774 gentium
580 701 786 776 vigent
824 703 1021 776 legeS,
1079 710 1434 776 praecepta,
1493 711 1668 776 pacta
1685 748 1698 773 ,
1744 702 1860 760 alia
1899 702 2090 760 huius·

106 788 295 859 modi,
343 807 498 863 quae
539 791 705 849 nullo
746 791 932 849 modo
976 790 1262 867 explicari
1287 801 1551 865 possunt,
1595 790 1708 849 nisi
1748 791 2090 852 admittatur

108 895 325 936 omnes
380 879 655 938 homines
708 880 916 938 intime
958 879 1071 938 sibi
1113 879 1389 938 conscios
1437 898 1566 938 esse
1622 879 1906 939 libertatis
1948 897 2087 939 suae

107 967 203 1025 vel
244 967 823 1027 indeterminationis
867 969 944 1028 ad
985 969 1304 1044 agendum.

230 1056 354 1114 Sed
396 1058 687 1116 eiusmodi
728 1058 1075 1117 universalis
1116 1069 1177 1116 et
1217 1057 1576 1117 invincibilis
1618 1057 1922 1133 persuasio
1965 1076 2088 1116 non

112 1156 309 1220 potest
336 1165 463 1204 non
501 1165 631 1205 esse
668 1147 1015 1206 immediata
1044 1156 1104 1206 et
1133 1147 1460 1206 certissima
1487 1166 1602 1206 vox
1629 1157 1877 1206 naturae
1919 1146 2091 1204 ratio·

116 1234 277 1306 nalis,
321 1236 386 1292 in
428 1253 546 1309 qua
575 1253 744 1294 error
777 1254 907 1295 esse
947 1255 1073 1294 non
1116 1245 1314 1311 potest
1336 1237 1370 1293 ¹.
1429 1237 1586 1294 Nam
1627 1236 1758 1294 talis
1785 1237 2089 1312 persuasio

116 1323 535 1398 cupiditatibus
563 1344 688 1384 non
716 1327 907 1384 solum
934 1343 1062 1384 non
1092 1326 1267 1397 favet,
1307 1325 1415 1384 sed
1443 1325 1586 1400 ipsis
1614 1326 1793 1384 etiam
1814 1321 2090 1401 oppos'ita

117 1423 219 1472 est.
275 1415 595 1473 Praeterea
623 1416 786 1473 nulla
814 1416 889 1473 ab
932 1415 1286 1474 adversariis
1328 1414 1626 1473 sufficiens
1655 1424 1850 1490 potest
1891 1414 2088 1472 afferri

117 1503 265 1560 ratio
304 1512 429 1560 tam
471 1503 819 1563 universalis
862 1513 923 1562 et
962 1513 1085 1562 tam
1126 1504 1452 1563 constantis
1492 1503 1908 1579 persuasionis,
1953 1522 2090 1561 cum

118 1609 227 1650 nos
268 1593 557 1667 optimam
599 1592 723 1652 eius
761 1593 1055 1652 rationem
1097 1593 1159 1650 in
1203 1594 1332 1669 ipsa
1369 1593 1626 1651 hominis
1668 1604 1878 1651 natura
1919 1593 2090 1651 ratio-

122 1682 240 1738 nali
279 1699 407 1739 esse
450 1681 769 1741 ostendere
816 1682 1125 1758 possimus

240 1764 293 1844 c)
350 1770 633 1828 Liberum
691 1771 851 1830 enim
906 1772 1212 1830 arbitrium
1267 1790 1304 1829 a
1345 1771 1532 1846 priori
1586 1789 1658 1828 ex
1709 1773 1834 1847 ipsa
1875 1778 2090 1828 natura

125 1860 423 1918 voluntatis
476 1860 720 1937 probari
775 1869 1000 1937 potest,
1060 1860 1109 1919 si
1166 1860 1407 1936 quidem
1470 1860 1746 1919 fundatur
1807 1861 1867 1917 in
1927 1870 2091 1918 motu

130 1952 366 2008 naturali
392 1950 729 2022 voluntatiS,
761 1953 997 2026 qualem
1025 1951 1221 2027 ipsum
1243 1968 1420 2027 supra
1442 1944 1522 2026 (p.
1549 1968 1577 2025 7
1593 1971 1615 2007 1
1643 1945 1799 2025 sqq.)
1831 1950 2090 2008 declara-

128 2038 319 2097 vimus.
380 2040 504 2114 Qui
546 2050 741 2098 motus
780 2060 817 2098 a
857 2046 1067 2099 natura
1106 2041 1189 2098 ita
1231 2039 1523 2099 institutus
1566 2050 1670 2110 est,
1717 2049 1780 2097 ut
1819 2039 2089 2097 voluntas

132 2128 678 2187 determinationem
737 2128 1121 2189 intrinsecam
1182 2130 1404 2188 habeat
1464 2130 1626 2187 circa
1683 2130 1908 2186 bonum
1969 2128 2092 2185 uni-

134 2218 358 2289 versale,
404 2214 651 2292 qtfindo
694 2218 809 2293 ipsi
851 2228 914 2277 ut
940 2220 1059 2277 tale
1089 2220 1165 2277 ab
1196 2219 1499 2277 intellectu
1527 2216 1898 2293 proponitur.
1972 2217 2091 2275 Sed

138 2306 281 2363 bona
321 2306 719 2382 particularia,
770 2326 845 2367 eo
889 2309 1021 2384 ipso
1065 2309 1232 2382 quod
1273 2317 1407 2365 sunt
1449 2307 1824 2383 particularia
1866 2316 1926 2364 et
1967 2324 2090 2363 non

138 2395 340 2454 bonum
381 2397 737 2469 universale,
781 2415 906 2455 non
948 2407 1083 2455 sunt
1124 2396 1453 2456 secundum
1484 2412 1725 2454 omnem
1757 2393 2092 2453 considera-

139 2486 338 2543 tionem
392 2488 575 2544 bona.
679 2489 749 2544 In
807 2498 1093 2561 quantum
1153 2495 1351 2544 autem
1412 2485 1695 2544 deficiunt
1754 2485 1830 2542 ab
1892 2483 2091 2558 aliquo

144 2573 313 2645 bono,
374 2585 625 2651 possunt
685 2578 762 2634 ab
817 2576 1122 2635 intellectu
1174 2576 1368 2650 accipi
1425 2585 1488 2631 ut
1540 2592 1665 2631 non
1724 2575 1902 2632 bona.
2001 2574 2093 2629 In-

145 2663 385 2721 tellectus
427 2664 587 2722 enim
606 2711 619 2736 ,
675 2683 812 2722 cum
855 2664 1148 2723 rationem
1193 2664 1541 2722 universalis
1581 2661 1726 2720 boni
1770 2662 2090 2735 intellegat,

148 2762 315 2823 potest
366 2755 597 2811 bonum
653 2754 1009 2829 particulare
1072 2771 1208 2811 cum
1263 2753 1377 2811 hac
1433 2753 1664 2810 ratione
1720 2766 2090 2825 comparare.

148 2840 205 2896 In
240 2851 517 2915 quantum
545 2842 767 2901 deinde
798 2844 1141 2901 considerat
1168 2842 1472 2901 defectum
1502 2840 1666 2911 boni,
1710 2849 1908 2915 potest
1948 2839 2091 2896 illud

154 2928 347 2987 bonum
386 2931 744 3006 particulare
786 2932 1076 2990 voluntati
1117 2948 1462 3007 proponere
1505 2940 1567 2988 ut
1593 2949 1720 2988 non
1747 2929 2092 2987 conducens

159 3017 219 3073 ad
240 3018 453 3077 bonum
481 3021 843 3097 universale3
872 3022 935 3081 in
964 3031 1251 3097 quantum
1281 3030 1478 3078 autem
1500 3018 1840 3077 considerat
1867 3018 2089 3075 bonum

160 3106 501 3180 particulare,
574 3120 771 3185 potest
839 3112 1032 3186 ipsum
1104 3108 1564 3185 apprehendere
1624 3118 1687 3165 ut
1745 3105 2091 3164 conducens

164 3193 223 3250 ad
274 3198 468 3269 finem,
532 3210 591 3256 et
646 3200 976 3258 secundum
1030 3199 1190 3256 hanc
1245 3196 1788 3255 considerationem
1846 3205 2092 3270 possunt

270 3376 281 3405 ¹
318 3378 386 3427 cf.
422 3380 519 3429 vol.
560 3382 599 3440 1,
646 3383 758 3430 166.
