2367 3850
356 210 374 244 1
385 209 451 258 42
778 209 1286 246 ANTHROPOLOGIA.
1355 209 1491 246 PARS
1533 209 1914 246 SYNTHETICA.

347 358 655 428 humanuS,
700 367 790 416 est
814 357 1145 418 universale
1174 357 1418 426 bonum,
1462 357 1614 416 sicut
1652 357 1958 416 obiectum
2001 357 2291 416 intellectus

348 457 437 505 est
490 445 823 505 universale
876 464 1099 505 verum.
1185 447 1277 503 Ex
1319 464 1441 521 quo
1483 457 1677 521 patet,
1734 446 1902 522 quod
1945 446 2096 504 nihil
2133 457 2292 521 potest

348 535 615 610 quietare
641 536 1020 594 voluntatem.
1035 534 1294 593 hominis
1334 534 1448 593 nisi
1487 536 1713 594 bonum
1755 535 2123 607 universale3
2162 535 2294 610 quod

345 642 473 682 non
509 624 807 683 invenitur
848 623 909 682 in
952 623 1153 700 aliquo
1197 633 1416 696 create,
1461 625 1570 684 sed
1611 635 1838 684 tantum
1879 624 1946 682 in
1978 625 2148 697 Deo3
2184 623 2295 698 quia

349 714 542 772 omnis
572 725 842 772 creatura
868 714 1051 773 habet
1078 713 1411 772 bonitatem
1438 713 1869 789 participatam.
1947 712 2132 774 Unde
2169 713 2297 770 solus

348 804 513 862 Deus
549 804 913 862 voluntatem
942 802 1200 861 hominis
1241 802 1490 878 implere
1533 812 1746 878 potest,
1790 802 2126 860 seeundum
2163 802 2296 876 quod

348 892 561 950 dicitur
586 894 678 950 Ps.
710 911 839 962 102,
865 908 895 968 5
919 905 930 949 z
964 891 1083 964 Qui
1112 893 1307 967 replet
1333 891 1396 950 in
1424 891 1600 950 bonis
1629 891 1994 950 desiderium
2025 902 2182 950 tuum
2205 901 2294 948 etc,

348 983 419 1038 In
459 982 590 1039 solo
632 980 807 1056 igitur
850 982 984 1038 Deo
1026 980 1334 1039 beatitudo
1375 980 1635 1039 hominis
1678 979 2004 1039 consistit.»
2035 981 2054 1013 ¹

467 1073 531 1127 B.
575 1070 695 1127 Per
721 1076 925 1146 partes
939 1115 956 1138 ‚
1013 1069 1250 1128 diversa
1291 1069 1588 1128 bonorum
1629 1087 1854 1145 genera
1895 1086 2096 1144 eaque
2137 1068 2296 1126 obiter

348 1160 779 1234 percurrendo,

468 1247 851 1324 Experientia
878 1247 1041 1308 enim
1068 1259 1128 1306 et
1156 1248 1386 1306 ratione
1428 1246 1741 1306 manifeste
1783 1257 2023 1306 constat
2063 1246 2125 1304 in
2161 1247 2294 1304 nullo

346 1338 493 1395 boni
547 1338 728 1395 creati
784 1354 1007 1413 genere
1049 1336 1303 1395 inveniri
1345 1335 1735 1396 condiciones
1775 1337 1854 1394 ad
1894 1335 2294 1395 beatitudinem

346 1426 605 1486 hominis
633 1425 1109 1485 constituendam
1137 1426 1518 1484 necessarias
1590 1427 1760 1484 Bona
1789 1425 1954 1484 enim
1995 1435 2190 1484 creata
2219 1423 2293 1480 vel

348 1525 483 1572 sunt
517 1516 663 1573 bona
690 1523 947 1583 externa,
993 1515 1200 1590 quales
1227 1525 1362 1573 sunt
1387 1512 1648 1586 divitiae,
1691 1515 1974 1586 honoreS,
2021 1514 2174 1572 fama
2197 1511 2293 1568 sive

346 1604 536 1678 gloria
552 1650 565 1675 ,
609 1603 926 1679 dignitates
968 1604 1061 1663 vel
1104 1613 1428 1679 potestates
1445 1604 1482 1675 ²,
1527 1604 1624 1663 vel
1664 1605 1812 1662 bona
1851 1605 2119 1671 interna,
2161 1603 2292 1660 bona

345 1693 571 1753 scilicet
590 1693 859 1769 corporis
886 1694 981 1752 vel
1010 1693 1247 1751 animae
1265 1695 1303 1763 ⁸,
1334 1693 1428 1751 vel
1457 1694 1670 1752 horum
1699 1692 1968 1751 omnium
1999 1690 2291 1766 congeries.
2324 1723 2325 1788 ἢ

351 1782 569 1858 «Atqui
611 1782 929 1858 praedictis
972 1781 1427 1841 condicionibus
1469 1791 1703 1840 carent:

474 1892 521 1930 1.
565 1871 739 1930 Bona
768 1871 1067 1947 fortunae,
1112 1881 1176 1929 ut
1217 1870 1473 1943 divitiae,
1517 1871 1777 1931 honores
1818 1880 1928 1929 etc.
2022 1870 2198 1929 Nam:

464 1956 521 2036 a)
564 1960 822 2021 Divitiae
860 1970 994 2020 sunt
1022 1962 1214 2019 solum
1256 1962 1420 2019 bona
1461 1962 1646 2030 utilia,
1691 1960 1751 2018 in
1796 1971 2088 2035 quantum
2127 1958 2292 2016 iuvant

343 2052 421 2109 ad
450 2051 860 2126 comparanda
885 2051 1048 2108 bona
1074 2050 1311 2108 animae
1352 2050 1449 2109 vel
1490 2044 1794 2125 corporis;
1834 2067 1986 2124 ergo
2030 2067 2150 2107 non
2187 2056 2292 2105 sunt

343 2158 452 2215 per
493 2158 558 2199 se
600 2140 997 2215 appetendae.
1047 2185 1057 2197 .
1106 2185 1118 2198 .
1167 2185 1178 2198 .

462 2224 525 2303 b)
570 2230 791 2287 Earum
821 2228 1123 2305 inquisitio
1153 2246 1280 2286 non
1309 2238 1398 2287 est
1424 2227 1486 2286 in
1524 2228 1790 2286 omnium
1832 2237 2147 2304 potestate,
2186 2232 2290 2283 sunt

345 2335 580 2393 semper
621 2318 945 2376 instabileS.
2322 2366 2323 2395 ἒ

465 2402 539 2480 c)'
565 2407 718 2465 Cum
759 2406 1154 2466 sollicitudine
1184 2406 1582 2482 possidentur,
1626 2425 1762 2465 cum
1800 2406 2013 2465 dolore
2059 2400 2323 2463 amittun-}

343 2506 461 2567 tur,
507 2495 889 2570 cupiditatem
931 2495 1127 2571 potius
1168 2504 1390 2553 acuunt
1429 2494 1642 2571 iugiter
1684 2514 1863 2569 quam
1905 2494 2140 2553 satiunt.
2181 2536 2193 2549 .
2235 2535 2245 2546 .
2281 2534 2289 2545 .

468 2606 519 2642 2.
562 2585 735 2643 Bona
774 2586 1037 2661 corporis.
1110 2586 1284 2643 Haec
1328 2585 1488 2643 enim
1531 2595 1667 2643 sunt
1705 2584 1893 2642 solum
1936 2584 2104 2642 bona
2143 2580 2290 2647 utilia,

343 2692 497 2748 quae
552 2673 725 2732 bonis
782 2673 1016 2733 animae
1071 2673 1534 2732 subordinantur
1550 2719 1563 2744 ,
1634 2674 1876 2749 insuper
1945 2681 2084 2731 sunt
2145 2668 2292 2727 valde

343 2762 705 2822 defectibilia
760 2773 821 2821 et
861 2763 1216 2839 imperfecta
1258 2762 1518 2838 ideoque
1559 2762 1886 2838 appetitum
1928 2760 2183 2819 hominis
2219 2776 2290 2815 ex·

343 2853 507 2926 plere
550 2862 870 2927 nequeunt.
920 2898 931 2910 .
980 2898 991 2910 .
1040 2897 1051 2909 .
1124 2852 1309 2924 Quod
1349 2852 1658 2926 speciatim
1698 2851 2068 2926 voluptatem
2110 2864 2321 2931 001·ρο-ἦ

344 2942 527 2999 ralem
562 2940 783 3013 attinet,
820 2942 973 3000 haec
1005 2941 1124 2999 iam
1156 2950 1481 3017 propterea
1507 2958 1633 2999 non
1651 2930 1850 3016 potest
1868 2957 1998 2997 esse
2018 2937 2288 2997 obiectum
2320 2950 2321 3017 Ῑ

342 3030 721 3089 beatitudinis
776 3032 1073 3089 humanae
1092 3076 1105 3101 ,
1164 3030 1306 3106 quia
1359 3030 1587 3089 homini
1629 3048 1764 3088 cum
1805 3029 1990 3087 brutis
2032 3037 2121 3087 est
2160 3020 2321 3083 com?

341 3120 551 3178 muniS.
622 3120 859 3179 Deinde
889 3138 1128 3196 semper
1168 3120 1363 3179 oritur·
1381 3139 1466 3180 ex
1507 3121 1673 3178 bono
1714 3113 2003 3178 materiali
2044 3128 2104 3177 et
2142 3112 2286 3191 parti-

406 3346 411 3351 ·
468 3311 483 3341 ¹
522 3314 575 3360 S.
622 3314 809 3371 Thone„
850 3314 899 3362 S.
940 3316 1095 3364 theol.
1135 3315 1174 3374 1,
1217 3315 1281 3374 H,
1321 3331 1371 3378 q.
1413 3327 1460 3373 2,
1502 3330 1544 3361 a.
1586 3314 1634 3362 8.

464 3386 485 3417 ²
520 3390 649 3437 Ibid.
690 3407 732 3438 a.
780 3404 821 3439 1.
865 3405 911 3441 2.
953 3405 999 3453 3.
1150 3392 1171 3422 ⁸
1208 3394 1338 3441 Ibid.
1378 3409 1422 3441 a.
1465 3404 1492 3456 5
1533 3403 1584 3441 et
1624 3402 1673 3453 7.

360 3794 373 3815 p
398 3788 469 3817 042¹
574 3806 581 3815 ,
664 3808 671 3811 ,
1861 3804 1868 3808 .
2139 3800 2150 3809 a
2229 3804 2232 3807 .
2257 3774 2318 3827 „A

353 3812 415 3822 im„
490 3810 527 3822 e:
544 3810 577 3821 Α.
596 3814 605 3819 α
728 3822 733 3824 ,
762 3820 767 3824 Δ
2007 3822 2020 3826 -
2057 3816 2060 3822 ·
2083 3810 2280 3826 &Lam-12:
