2367 3850
1621 13 1669 28 ι“““
1692 13 1818 26 ·““-“”“-Ι
1871 15 2055 32 νῐ-ν-Ἷν
2083 14 2239 30 τν--κ-
2275 15 2286 25 ι

2080 38 2109 49 ,ι

248 224 352 287 326
851 236 1084 273 ETHICA.
1146 237 1284 274 PARS
1325 236 1624 273 suemus,

246 384 484 443 laboris.
558 387 723 460 Ergo
766 385 959 443 solum
1000 384 1150 443 iuste
1193 383 1470 460 privatim
1510 383 1811 460 possideri
1853 402 1984 443 non
2032 391 2266 459 potest.

250 474 521 534 Etenim:

372 559 429 638 α)
474 565 701 623 Contra
742 581 847 623 eos
889 565 1224 638 retorqueri
1263 574 1472 639 potest·
1503 563 1648 622 illud
1686 573 2128 638 argumentum
2158 578 2269 638 po-

249 654 453 712 nendo
495 654 822 725 minorem,
880 670 932 711 e.
975 669 1066 728 g.:
1126 654 1314 727 Atqui
1367 672 1608 729 gemma
1665 653 1922 712 feliciter
1978 653 2266 722 inventa,

249 744 364 801 alia
406 743 651 801 mobilia
691 743 981 801 nonnulla
1021 761 1146 801 non
1191 753 1326 801 sunt
1367 743 1724 818 productum
1766 742 2014 800 laboris.
2089 741 2268 816 Ergo

249 834 413 890 bona
455 833 701 891 mobilia
740 851 866 890 non
909 844 1158 908 possunt
1202 832 1350 891 iuste
1392 832 1669 908 privatim
1713 832 2039 908 possideri.

374 917 427 996 β)
484 923 720 980 Falsum
776 933 865 980 est
918 921 1310 998 principium:
1369 922 1576 980 Labor
1629 932 1720 981 est
1772 921 1989 980 unicus
2047 921 2267 979 titulus

253 1010 435 1069 iustus
477 1012 872 1088 proprietatis
958 1011 1147 1085 Quia:

372 1094 470 1174 αα)
516 1101 901 1177 Experientia
941 1102 1233 1160 docemur
1273 1102 1457 1159 multa
1498 1120 1535 1158 a
1577 1111 1786 1159 natura
1829 1101 1891 1158 in
1935 1118 2122 1159 usum
2155 1102 2266 1158 ho-

251 1189 426 1248 minis
467 1192 548 1248 ita
590 1209 719 1250 esse
750 1201 1120 1268 praeparata,
1163 1200 1228 1248 ut
1255 1192 1420 1249 nullo
1447 1190 1759 1266 indigeant
1786 1191 2018 1248 labore.
2067 1191 2265 1248 Tales

252 1290 385 1338 sunt
427 1297 476 1338 e.
522 1299 582 1356 g.
631 1280 852 1338 fructus
895 1280 997 1355 qui
1039 1289 1254 1356 sponte
1297 1290 1636 1338 nascuntur.

376 1363 463 1442 ββ)
505 1370 648 1427 Hoc
690 1370 1051 1446 principium
1088 1369 1251 1428 ducit
1280 1369 1358 1428 ad
1388 1367 1805 1428 conclusiones
1835 1367 2261 1444 impossibiles

252 1466 312 1515 et
353 1457 662 1517 evidenter
702 1461 897 1518 falsas
980 1460 1220 1518 Etenim
1263 1460 1312 1517 si
1353 1477 1561 1517 verum
1602 1458 1748 1516 illud
1791 1458 2112 1534 supponiS,
2169 1475 2264 1516 se-

252 1546 448 1620 quitur
488 1558 567 1619 ut,
614 1548 974 1624 quicumque
1018 1550 1294 1607 laborare
1336 1565 1461 1606 non
1503 1558 1782 1623 possunt,
1826 1547 1911 1605 illi
1953 1564 2088 1605 non
2137 1546 2260 1605 nisi

254 1635 464 1694 iniuste
510 1637 839 1712 quidquam
881 1637 1260 1714 possideant3
1316 1639 1460 1696 item
1499 1655 1626 1695 non
1668 1636 1782 1695 nisi
1823 1635 2040 1695 iniuste
2101 1645 2258 1694 tunc

258 1725 543 1784 retinebis
586 1727 881 1801 quidquid
921 1729 1222 1786 donatione
1262 1747 1312 1787 e.
1357 1745 1414 1802 g.
1459 1725 1785 1802 acceperis,

380 1835 430 1872 2.
474 1814 829 1889 Argumento
846 1826 960 1892 per
986 1818 1307 1875 absurdum.
1363 1815 1714 1874 Communis
1745 1815 1907 1874 enim
1935 1814 2255 1890 possessio

256 1901 367 1961 soli
411 1905 710 1964 exclusiva
750 1906 1135 1982 impossibilis
1177 1917 1281 1966 est.
1367 1904 1635 1964 Etenim:

375 1992 685 2068 Quidquid
740 2006 829 2054 est
883 1996 960 2054 de
1017 1996 1277 2067 theoria,
1338 1997 1400 2052 in
1429 1996 1622 2071 praxi
1657 1994 2062 2070 impossibiles
2108 2004 2254 2052 sunt

255 2100 464 2140 omnes
519 2084 714 2152 modi,
778 2084 879 2159 qui
936 2085 1015 2143 ad
1068 2087 1228 2145 hanc
1270 2084 1710 2160 possessionem
1753 2083 2252 2142 constituendam

257 2171 575 2246 excogitati
618 2183 768 2231 sunt.
856 2176 932 2232 Et
974 2193 1038 2233 re
1082 2174 1327 2249 quidem
1369 2188 1544 2232 vera:

376 2255 431 2334 a)
477 2258 537 2318 Si
582 2260 786 2320 civitas
829 2262 941 2320 sibi
984 2263 1314 2321 dominium
1358 2280 1670 2321 reservans
1721 2279 1896 2337 agros
1947 2280 2063 2337 per
2121 2262 2252 2319 offi-

256 2349 436 2408 ciales
480 2350 851 2409 administrat
892 2354 985 2411 vel
1030 2353 1261 2411 colonis
1304 2370 1414 2427 pro
1458 2361 1625 2411 certo
1667 2352 1861 2427 pretio
1903 2352 2097 2423 locat,
2161 2351 2248 2407 de-

254 2440 503 2496 struitur
540 2448 724 2498 status
764 2442 1163 2513 agricolarum.
1221 2442 1491 2499 Privatur
1531 2441 1788 2516 proinde
1817 2451 1976 2499 terra
2006 2440 2251 2499 assidua

258 2528 372 2600 illa,
418 2530 668 2602 intensa,
714 2529 985 2604 diligenti
1026 2531 1197 2589 simul
1241 2542 1300 2589 et
1341 2530 1595 2605 sapienti
1637 2532 1894 2602 cultura,
1940 2547 2098 2604 quae
2145 2530 2250 2587 ob-

256 2618 431 2675 tineri
474 2638 599 2677 non
641 2629 838 2696 potest
880 2618 994 2677 nisi
1036 2621 1113 2678 ab
1157 2620 1450 2694 agricolis,
1537 2619 1624 2677 Hi
1666 2618 1860 2690 enim,
1918 2636 2058 2676 cum
2097 2620 2249 2676 fixas

258 2707 429 2765 sedes
472 2708 749 2781 habeant,
794 2720 1014 2768 terram
1058 2728 1224 2767 suam
1267 2719 1639 2783 cognoscant
1679 2726 1793 2767 nec
1837 2707 2117 2783 expensis
2148 2708 2250 2766 de-

257 2807 605 2869 terreantur,
652 2799 969 2873 quominus
1010 2799 1203 2875 ipsam
1240 2798 1550 2857 meliorem
1582 2798 1852 2869 reddant,
1898 2796 2011 2856 soli
2038 2814 2248 2856 veram

258 2885 626 2961 diligentiam
668 2888 989 2947 habebunt.

380 2976 661 3035 Ceterum
716 2977 778 3034 in
833 2978 1000 3053 praxi
1055 2979 1208 3036 haec
1266 2976 1663 3051 agricolarum
1720 2974 2130 3051 expropriatio
2189 2984 2248 3033 et

258 3065 601 3124 officialium
642 3067 737 3125 vel
780 3067 1132 3124 colonorum
1176 3066 1463 3125 immissio
1504 3065 1634 3124 fieri
1685 3082 1812 3122 non
1868 3073 2073 3139 posset
2132 3063 2248 3122 nisi

258 3155 528 3213 maximis
572 3175 708 3213 cum
749 3154 951 3214 turbis'.

379 3239 441 3317 b)
488 3244 590 3302 Sin
634 3255 830 3302 autem
875 3245 1079 3303 civitas
1122 3244 1562 3320 possessoribus
1604 3261 1881 3319 agrorum
1909 3241 2246 3301 dominium

259 3332 584 3404 relinquat,
629 3332 771 3405 ipsis
814 3342 1007 3391 autem
1026 3378 1039 3404 ,
1083 3342 1146 3390 ut
1191 3335 1432 3407 George
1475 3333 1668 3404 iubet,
1712 3332 1930 3391 tributa
1973 3331 2246 3407 imponat

260 3417 415 3485 talia,
462 3434 617 3491 quae
660 3418 931 3476 sufficere
974 3420 1203 3496 possint
1244 3421 1322 3479 ad
1365 3439 1609 3480 omnem
1651 3430 2074 3497 paupertatem
2117 3422 2244 3480 sub-
