2367 3850
365 193 828 231 OBSERVATIONES
865 191 1301 232 INSTITUUNTUR
1341 192 1822 230 PSYCHOLOGICAE.
2020 191 2085 240 29

227 363 288 400 2.
350 344 467 401 Vel
521 341 988 417 apprehenditur
1041 350 1104 399 ut
1157 342 1385 400 bonum
1439 341 1689 399 arduum
1729 343 1823 400 vel
1868 342 2088 399 malum

89 431 395 504 terribile,
427 433 489 489 in
519 448 639 506 quo
668 431 894 490 scilicet
921 431 1301 490 inveniuntur
1326 429 1694 505 difficultates
1718 431 2088 506 superandae,

91 520 306 593 qualis
349 530 531 579 este.
576 539 631 595 g.
678 521 927 578 victoria
980 519 1059 579 de
1113 521 1285 578 hoste
1333 519 1651 578 fortissimo
1692 518 2091 595 reportandam,

91 619 154 666 et
216 619 371 667 tunc
430 609 675 667 facultas
729 609 808 667 ad
863 611 981 668 hoc
1037 609 1342 668 obiectum
1396 609 1673 668 ordinata
1726 607 1942 668 dicitur
1996 617 2090 684 ap-

76 699 321 773 petitus
359 699 672 756 irascibilis.
1862 701 1869 708 ’

226 815 346 871 ΙΠ.
391 813 680 872 Diversae
718 815 1148 888 distinguuntur
1186 823 1501 887 passiones.
1531 843 1609 852 —-
1638 813 1961 888 Utriusque
1994 833 2092 890 ap-

88 901 334 978 petitus
387 902 654 961 diversos
707 903 974 962 videmus
1020 921 1148 963 esse
1206 913 1430 974 motuS,
1487 913 1666 979 prout
1718 904 1943 962 bonum
1996 903 2093 962 vel

89 993 359 1063 malurn,
389 992 550 1050 circa
577 992 742 1072 quod
769 1002 1048 1064 versatur,
1080 1010 1367 1068 praesens
1394 1006 1483 1052 est
1511 1003 1611 1051 aut
1638 993 1884 1066 absen53
1916 1002 2095 1068 prout

91 1082 348 1138 bonurn
391 1081 607 1140 absens
648 1083 927 1157 possibile
968 1092 1060 1140 est
1085 1081 1307 1158 adeptu
1336 1092 1436 1140 aut
1477 1082 1877 1158 impossibilez,
1919 1091 2095 1156 prout

91 1171 380 1244 denique
437 1172 657 1229 malum
708 1172 923 1230 absens
977 1171 1313 1247 superabile
1370 1181 1458 1230 est
1512 1181 1611 1229 aut
1666 1189 1789 1229 non
1836 1170 2094 1229 vitabile.

93 1261 174 1316 In
220 1259 323 1317 his
365 1270 569 1318 tamen
611 1258 884 1318 omnibus
939 1260 1276 1336 experimur
1330 1277 1457 1319 esse
1512 1269 1737 1317 motum
1793 1258 2095 1334 quendam

81 1347 642 1421 fundamentalem,
711 1369 747 1407 a
815 1367 936 1424 quo
995 1367 1206 1408 omnes
1266 1349 1363 1407 alii
1425 1347 1788 1424 procedunt:
1857 1347 2097 1406 inclina-

96 1437 350 1495 tionem
392 1437 619 1496 scilicet
658 1437 720 1495 in
759 1439 986 1496 bonum
1027 1439 1468 1514 apprehensum
1510 1437 1872 1513 simpliciter.
1948 1436 2096 1495 Ideo

100 1525 280 1584 enim
341 1526 593 1585 vitamus
651 1529 870 1586 malum
929 1538 989 1586 et
1047 1528 1429 1604 aggredimur
1488 1527 1892 1597 difficultateS,
1958 1525 2098 1602 quia

102 1615 460 1692 appetimus
514 1616 758 1675 bonum.
859 1617 1172 1675 Inclinatio
1230 1627 1428 1676 autem
1482 1617 1582 1674 illa
1643 1614 2099 1674 fundamentalis

106 1704 347 1764 dicitur
385 1724 562 1763 amor.
636 1705 866 1778 Quibus
908 1707 1184 1765 omnibus
1226 1708 1335 1766 rite
1379 1705 1720 1776 observatis,
1765 1703 2100 1764 scholastici

106 1793 410 1852 undecim
451 1793 815 1870 distinguunt
841 1795 1166 1871 passioneS,
1211 1814 1365 1871 quae
1408 1796 1493 1854 sic
1535 1795 1688 1854 inter
1730 1814 1792 1854 se
1836 1794 2097 1852 ordinari

106 1892 405 1959 possunt:

175 2010 200 2047 1
215 2036 228 2049 .
291 1989 606 2049 Passiones
647 1991 1012 2066 pertinentes
1052 1991 1132 2051 ad
1177 1994 1483 2068 appetitum
1528 1990 1984 2066 concupiscibilem
2002 2010 2019 2045 .·

241 2085 278 2253 {
311 2116 360 2153 1.
405 2095 617 2155 Amor:
629 2098 946 2157 Inclinatio
960 2099 1022 2156 in
1037 2100 1264 2157 bonum
1280 2098 1721 2175 apprehensum
1733 2096 2097 2172 simpliciter.

307 2204 360 2242 2.
412 2185 653 2243 Odium:
694 2188 946 2246 Aversio
989 2207 1026 2245 a
1066 2190 1225 2246 malo
1268 2188 1647 2264 apprehenso
1690 2185 2052 2261 simpliciter.

301 2292 358 2347 3.
403 2274 771 2333 Desiderium
786 2298 806 2334 .·
846 2276 1162 2335 Inclinatio
1206 2276 1268 2335 in
1305 2278 1534 2335 bonum
1573 2274 2011 2351 apprehensum
2040 2282 2103 2330 ut

239 2286 276 2443 Ι
401 2364 635 2435 absens,
681 2363 788 2423 sed
831 2364 1103 2424 futurum.

299 2471 358 2523 4.
403 2453 607 2526 Fuga:
650 2454 907 2513 Aversio
949 2474 985 2513 a
1017 2456 1176 2513 malo
1206 2456 1586 2530 apprehenso
1616 2464 1678 2512 ut
1705 2452 1953 2521 absenti,
1997 2451 2103 2509 sed

403 2541 616 2601 futur0.
1852 2574 1855 2579 ·

303 2646 357 2705 5.
410 2630 734 2691 Gaudium:
790 2632 976 2705 Quies
1027 2632 1090 2690 in
1131 2634 1298 2691 bono
1339 2634 1719 2711 apprehenso
1762 2640 1826 2688 ut
1875 2628 2110 2689 realiter

401 2737 692 2794 possesso,

241 2643 358 2954 {a
413 2808 711 2868 Tristitia:
766 2810 1125 2885 Inquietudo
1181 2822 1242 2871 et
1283 2815 1534 2889 languor
1588 2810 1768 2868 animi
1836 2826 1910 2867 ex
1949 2808 2108 2865 malo

401 2898 780 2979 apprehenso
823 2910 885 2958 ut
925 2900 1232 2959 actualiter
1273 2900 1572 2959 iniacenti.

175 3026 230 3063 2.
294 3002 608 3063 Passiones
649 3005 1013 3081 pertinentes
1055 3005 1133 3064 ad
1175 3009 1481 3084 appetitum
1522 3006 1852 3063 irascibilem
1871 3026 1889 3062 .-

312 3121 360 3160 1.
404 3101 576 3179 Spes:
630 3106 828 3162 Motus
884 3104 945 3162 in
986 3106 1215 3163 bonum
1257 3106 1472 3164 absens
1493 3151 1507 3177 ,
1571 3102 2009 3180 apprehensum
2049 3111 2112 3158 ut

404 3191 668 3262 arduum,
714 3192 820 3251 sed
862 3193 1143 3268 possibile
1188 3194 1425 3270 adeptu.

301 3299 352 3338 2.
397 3280 742 3357 Desperatio
759 3304 778 3339 .·
819 3283 1016 3341 Motus
1059 3302 1096 3341 a
1137 3284 1307 3342 bono
1356 3282 1587 3342 absenti
1625 3282 2003 3358 apprehenso
2046 3296 2109 3344 ut

401 3369 589 3427 arduo
632 3380 691 3428 et
731 3382 794 3428 ut
835 3370 1054 3446 adeptu
1095 3370 1465 3446 impossibili.
