2367 3850
919 882 1151 946 PARS
1199 882 1491 959 PRIOR,

1057 1019 1221 1071 QUAE
1248 1020 1357 1062 EST

475 1150 994 1232 ETHIcA
1079 1114 1923 1233 GENERALIS.

1051 1476 1265 1524 LIBER
1311 1477 1354 1526 I.

570 1593 693 1654 DE
740 1593 1133 1657 NATURA
1181 1592 1832 1657 MORALITATIS.

921 1753 1485 1804 PRAENOTIONES.

339 1886 441 1944 Ad
501 1898 768 1946 naturam
831 1886 1176 1947 moralitatis
1238 1886 1712 1963 dignoscendam
1772 1886 2213 1962 inquirendum

221 1974 476 2050 primum
506 1988 611 2048 est,
657 1996 915 2052 quanam
944 1978 1175 2035 ratione
1206 1976 1593 2034 constituatur
1619 1976 1856 2035 bonitas
1886 1986 1946 2035 et
1971 1976 2213 2034 malitia

219 2066 460 2123 moralis
488 2077 726 2125 actuum
754 2068 1167 2125 humanorum.
1240 2066 1389 2123 Sunt
1417 2065 1577 2123 enim
1619 2064 1856 2123 bonitas
1884 2075 1944 2123 et
1970 2065 2209 2123 malitia

221 2154 458 2213 moralis
500 2157 670 2229 quasi
713 2155 944 2231 species
986 2153 1335 2213 moralitatis
1377 2154 1441 2211 in
1481 2170 1722 2229 genere.

339 2246 465 2301 Iam
506 2262 650 2303 vero
692 2254 857 2303 actus
910 2243 1155 2303 humani
1196 2243 1526 2302 bonitatem
1581 2242 1642 2300 in
1697 2260 1922 2318 genere
1978 2242 2209 2301 scimus

219 2348 348 2389 esse
391 2332 514 2391 eius
555 2336 995 2392 convenientiam
1049 2352 1171 2391 cum
1226 2335 1495 2409 appetitu.
1580 2331 1681 2389 Ad
1742 2331 2205 2390 fundamentum

220 2439 363 2478 vero
422 2421 591 2480 huius
652 2424 1107 2482 convenientiae
1168 2422 1545 2481 attendentes
1602 2420 1901 2496 triplicem
1960 2421 2025 2477 in
2094 2420 2205 2478 illo

218 2508 582 2584 distinguere
623 2530 934 2585 possumus
975 2513 1308 2571 bonitatem
1351 2511 1692 2586 specialem.

339 2600 383 2657 Ι.
428 2599 628 2656 Primo
683 2601 843 2658 enim
886 2600 1175 2676 appetitui
1216 2600 1525 2671 convenit,
1568 2600 1706 2674 quia
1732 2604 1817 2656 est
1854 2616 1986 2655 ens:
2032 2608 2093 2657 et
2139 2598 2204 2655 in

217 2687 335 2745 hoc
364 2687 630 2746 consistit
658 2688 781 2747 eius
822 2690 1041 2747 bonitas
1081 2688 1601 2755 transcendentalis‚
1647 2707 1683 2744 a
1720 2705 1840 2761 qua
1868 2705 2199 2761 numquam

219 2776 478 2835 deficere
521 2786 734 2851 potest,
777 2776 889 2835 nisi
931 2779 1008 2836 ab
1051 2779 1181 2852 ipso
1224 2795 1355 2836 esse
1397 2776 1653 2835 deficiat.

338 2867 414 2923 ΙΙ.
458 2866 660 2923 Potest
687 2883 831 2923 vero
860 2884 995 2924 cum
1026 2866 1293 2941 appetitu
1323 2864 1649 2935 convenire
1678 2872 1843 2921 actus
1884 2864 2199 2937 humanuS,

217 2972 342 3011 non
383 2964 613 3011 tantum
656 2964 944 3027 quatenus
972 2963 1061 3013 est
1089 2973 1213 3024 enS‚
1258 2954 1365 3013 sed
1409 2963 1697 3028 quatenus
1726 2962 1814 3010 est
1856 2970 1967 3010 ens
2008 2952 2201 3011 deter-

217 3044 476 3102 minatae
505 3042 656 3100 illius
684 3052 948 3112 naturae,
990 3053 1243 3119 propter
1270 3061 1450 3117 quam
1479 3041 1693 3100 dicitur
1720 3048 1879 3099 actus
1913 3042 2201 3100 humanus

220 3124 444 3205 (‹<actus
463 3178 476 3203 ‚
536 3131 638 3206 qui
681 3131 758 3188 ab
813 3131 1057 3189 homine
1118 3130 1447 3189 deliberate
1508 3141 1564 3189 et
1621 3131 1809 3189 libere
1869 3126 2198 3205 ponitur»).

218 3221 391 3277 Tunc
433 3230 630 3277 autem
673 3221 782 3278 sub
824 3220 1046 3295 duplici
1090 3230 1365 3295 respectu
1407 3219 1776 3277 considerari
1813 3229 2034 3295 potest.

345 3328 394 3364 1.
438 3309 581 3364 Non
608 3326 745 3364 raro
774 3308 936 3364 enim
963 3310 1024 3365 in
1054 3309 1184 3382 ipso
1214 3326 1339 3365 non
1368 3308 1762 3383 respiciuntur
1780 3308 1894 3365 nisi
1921 3310 2201 3367 entitates

218 3396 314 3448 vel
367 3393 797 3464 perfectioneS‚
846 3394 1058 3466 quibus
1101 3395 1471 3454 constituitur
1514 3394 1637 3453 eius
1679 3402 1897 3453 natura
1938 3397 2199 3471 physica.
