<?xml version="1.0" encoding="UTF-8"?>
<!DOCTYPE html PUBLIC "-//W3C//DTD XHTML 1.0 Transitional//EN"
    "http://www.w3.org/TR/xhtml1/DTD/xhtml1-transitional.dtd">
<html xmlns="http://www.w3.org/1999/xhtml" xml:lang="en" lang="en">
 <head>
  <title>
</title>
<meta http-equiv="Content-Type" content="text/html;charset=utf-8" />
  <meta name='ocr-system' content='tesseract 3.04.00' />
  <meta name='ocr-capabilities' content='ocr_page ocr_carea ocr_par ocr_line ocrx_word'/>
</head>
<body>
  <div class='ocr_page' id='page_1' title='image "./elementaphiloso01reingoog_0107.png"; bbox 0 0 2367 3850; ppageno 0'>
   <div class='ocr_carea' id='block_1_1' title="bbox 296 157 2044 229">
    <p class='ocr_par' dir='ltr' id='par_1_1' title="bbox 296 157 2044 229">
     <span class='ocr_line' id='line_1_1' title="bbox 296 157 2044 229; baseline 0.002 -4"><span class='ocrx_word' id='word_1_1' title='bbox 296 157 303 166; x_wconf 48' lang='grc'><em>·</em></span> <span class='ocrx_word' id='word_1_2' title='bbox 365 190 441 225; x_wconf 83' lang='lat' dir='ltr'><strong>DE</strong></span> <span class='ocrx_word' id='word_1_3' title='bbox 479 190 939 227; x_wconf 84' lang='lat' dir='ltr'><strong>OPERATIONIBUS</strong></span> <span class='ocrx_word' id='word_1_4' title='bbox 979 191 1086 226; x_wconf 85' lang='lat' dir='ltr'><strong>VEL</strong></span> <span class='ocrx_word' id='word_1_5' title='bbox 1124 191 1365 228; x_wconf 77' lang='lat' dir='ltr'>ACTIBUS</span> <span class='ocrx_word' id='word_1_6' title='bbox 1406 191 1786 229; x_wconf 77' lang='lat' dir='ltr'><strong>VOLUNTATIS.</strong></span> <span class='ocrx_word' id='word_1_7' title='bbox 1981 181 2044 229; x_wconf 86' lang='lat'><strong>81</strong></span> 
     </span>
    </p>
   </div>
   <div class='ocr_carea' id='block_1_2' title="bbox 62 340 2054 772">
    <p class='ocr_par' dir='ltr' id='par_1_2' title="bbox 62 340 2054 772">
     <span class='ocr_line' id='line_1_2' title="bbox 192 340 2050 410; baseline 0.002 -16"><span class='ocrx_word' id='word_1_8' title='bbox 192 346 405 395; x_wconf 69' lang='lat' dir='ltr'><strong>&#39;rhesis</strong></span> <span class='ocrx_word' id='word_1_9' title='bbox 440 348 721 410; x_wconf 80' lang='lat' dir='ltr'><strong>probatio.</strong></span> <span class='ocrx_word' id='word_1_10' title='bbox 815 359 838 395; x_wconf 95' lang='lat'>1</span> <span class='ocrx_word' id='word_1_11' title='bbox 851 384 863 397; x_wconf 96' lang='lat'><strong>.</strong></span> <span class='ocrx_word' id='word_1_12' title='bbox 920 340 1355 397; x_wconf 78' lang='lat' dir='ltr'><strong>Demonstralio</strong></span> <span class='ocrx_word' id='word_1_13' title='bbox 1408 341 1634 398; x_wconf 77' lang='lat' dir='ltr'><strong>directa.</strong></span> <span class='ocrx_word' id='word_1_14' title='bbox 1725 342 2050 399; x_wconf 84' lang='lat' dir='ltr'>Hominem</span> 
     </span>
     <span class='ocr_line' id='line_1_3' title="bbox 62 426 2052 505; baseline 0.003 -23"><span class='ocrx_word' id='word_1_15' title='bbox 62 444 213 483; x_wconf 92' lang='lat' dir='ltr'><strong>vera</strong></span> <span class='ocrx_word' id='word_1_16' title='bbox 254 426 372 484; x_wconf 88' lang='lat' dir='ltr'><strong>frui</strong></span> <span class='ocrx_word' id='word_1_17' title='bbox 398 427 673 486; x_wconf 89' lang='lat' dir='ltr'><strong>libertate</strong></span> <span class='ocrx_word' id='word_1_18' title='bbox 702 428 947 487; x_wconf 87' lang='lat' dir='ltr'><strong>relative</strong></span> <span class='ocrx_word' id='word_1_19' title='bbox 975 429 1052 486; x_wconf 91' lang='lat' dir='ltr'><strong>ad</strong></span> <span class='ocrx_word' id='word_1_20' title='bbox 1082 429 1245 487; x_wconf 89' lang='lat' dir='ltr'><strong>bona</strong></span> <span class='ocrx_word' id='word_1_21' title='bbox 1273 429 1650 504; x_wconf 88' lang='lat' dir='ltr'><strong>particularia</strong></span> <span class='ocrx_word' id='word_1_22' title='bbox 1677 448 1714 486; x_wconf 90' lang='lat' dir='ltr'><strong>a</strong></span> <span class='ocrx_word' id='word_1_23' title='bbox 1741 431 2052 505; x_wconf 87' lang='lat' dir='ltr'>posteriori</span> 
     </span>
     <span class='ocr_line' id='line_1_4' title="bbox 62 516 2052 592; baseline 0.002 -20"><span class='ocrx_word' id='word_1_24' title='bbox 62 516 317 589; x_wconf 89' lang='lat' dir='ltr'><strong>probari</strong></span> <span class='ocrx_word' id='word_1_25' title='bbox 362 526 561 592; x_wconf 92' lang='lat' dir='ltr'><strong>potest</strong></span> <span class='ocrx_word' id='word_1_26' title='bbox 617 536 693 575; x_wconf 88' lang='lat' dir='ltr'><strong>ex</strong></span> <span class='ocrx_word' id='word_1_27' title='bbox 735 517 999 576; x_wconf 91' lang='lat' dir='ltr'><strong>evidenti</strong></span> <span class='ocrx_word' id='word_1_28' title='bbox 1042 517 1446 577; x_wconf 91' lang='lat' dir='ltr'><strong>conscientiae</strong></span> <span class='ocrx_word' id='word_1_29' title='bbox 1492 518 1832 577; x_wconf 90' lang='lat' dir='ltr'><strong>testimonio</strong></span> <span class='ocrx_word' id='word_1_30' title='bbox 1880 530 1939 578; x_wconf 91' lang='lat' dir='ltr'><strong>et</strong></span> <span class='ocrx_word' id='word_1_31' title='bbox 1979 538 2052 578; x_wconf 87' lang='lat' dir='ltr'><strong>ex</strong></span> 
     </span>
     <span class='ocr_line' id='line_1_5' title="bbox 62 607 2054 684; baseline 0.004 -24"><span class='ocrx_word' id='word_1_32' title='bbox 62 623 375 664; x_wconf 89' lang='lat' dir='ltr'><strong>consensu</strong></span> <span class='ocrx_word' id='word_1_33' title='bbox 403 607 670 664; x_wconf 88' lang='lat' dir='ltr'><strong>omnium</strong></span> <span class='ocrx_word' id='word_1_34' title='bbox 700 609 1091 682; x_wconf 79' lang='lat' dir='ltr'><strong>populorum3</strong></span> <span class='ocrx_word' id='word_1_35' title='bbox 1119 627 1155 665; x_wconf 88' lang='lat' dir='ltr'><strong>a</strong></span> <span class='ocrx_word' id='word_1_36' title='bbox 1183 607 1368 682; x_wconf 90' lang='lat' dir='ltr'>priori</span> <span class='ocrx_word' id='word_1_37' title='bbox 1396 625 1558 679; x_wconf 90' lang='lat' dir='ltr'><strong>ver0,</strong></span> <span class='ocrx_word' id='word_1_38' title='bbox 1586 625 1660 666; x_wconf 88' lang='lat' dir='ltr'><strong>ex</strong></span> <span class='ocrx_word' id='word_1_39' title='bbox 1687 608 1817 684; x_wconf 90' lang='lat' dir='ltr'><strong>ipsa</strong></span> <span class='ocrx_word' id='word_1_40' title='bbox 1844 619 2054 667; x_wconf 90' lang='lat' dir='ltr'><strong>natura</strong></span> 
     </span>
     <span class='ocr_line' id='line_1_6' title="bbox 62 694 1412 772; baseline 0.004 -22"><span class='ocrx_word' id='word_1_41' title='bbox 62 694 411 767; x_wconf 83' lang='lat' dir='ltr'><strong>voluntatiS,</strong></span> <span class='ocrx_word' id='word_1_42' title='bbox 460 713 581 770; x_wconf 92' lang='lat' dir='ltr'><strong>qua</strong></span> <span class='ocrx_word' id='word_1_43' title='bbox 622 705 713 754; x_wconf 87' lang='lat' dir='ltr'><strong>est</strong></span> <span class='ocrx_word' id='word_1_44' title='bbox 754 695 1049 772; x_wconf 90' lang='lat' dir='ltr'><strong>appetitus</strong></span> <span class='ocrx_word' id='word_1_45' title='bbox 1090 696 1412 755; x_wconf 87' lang='lat' dir='ltr'><strong>rationalis.</strong></span> 
     </span>
    </p>
   </div>
   <div class='ocr_carea' id='block_1_3' title="bbox 64 795 2054 1341">
    <p class='ocr_par' dir='ltr' id='par_1_3' title="bbox 64 795 2054 1216">
     <span class='ocr_line' id='line_1_7' title="bbox 191 795 2053 876; baseline 0.002 -18"><span class='ocrx_word' id='word_1_46' title='bbox 191 795 251 876; x_wconf 90' lang='lat' dir='ltr'><strong>a)</strong></span> <span class='ocrx_word' id='word_1_47' title='bbox 295 802 407 859; x_wconf 87' lang='lat' dir='ltr'><strong>Ex</strong></span> <span class='ocrx_word' id='word_1_48' title='bbox 446 805 759 861; x_wconf 83' lang='lat' dir='ltr'><strong>testimonio</strong></span> <span class='ocrx_word' id='word_1_49' title='bbox 798 804 1170 861; x_wconf 78' lang='lat' dir='ltr'><strong>conscientiae.</strong></span> <span class='ocrx_word' id='word_1_50' title='bbox 1249 803 1636 862; x_wconf 84' lang='lat' dir='ltr'>Conscientia</span> <span class='ocrx_word' id='word_1_51' title='bbox 1677 803 1836 862; x_wconf 91' lang='lat' dir='ltr'><strong>enim</strong></span> <span class='ocrx_word' id='word_1_52' title='bbox 1880 805 2053 862; x_wconf 91' lang='lat' dir='ltr'><strong>nobis</strong></span> 
     </span>
     <span class='ocr_line' id='line_1_8' title="bbox 64 892 2054 967; baseline 0.002 -19"><span class='ocrx_word' id='word_1_53' title='bbox 64 900 319 948; x_wconf 90' lang='lat' dir='ltr'><strong>testatur</strong></span> <span class='ocrx_word' id='word_1_54' title='bbox 362 910 492 950; x_wconf 90' lang='lat' dir='ltr'><strong>esse</strong></span> <span class='ocrx_word' id='word_1_55' title='bbox 534 892 830 964; x_wconf 82' lang='lat' dir='ltr'><strong>actioneS,</strong></span> <span class='ocrx_word' id='word_1_56' title='bbox 890 910 1139 967; x_wconf 91' lang='lat' dir='ltr'><strong>quarum</strong></span> <span class='ocrx_word' id='word_1_57' title='bbox 1181 892 1452 951; x_wconf 91' lang='lat' dir='ltr'><strong>dominio</strong></span> <span class='ocrx_word' id='word_1_58' title='bbox 1508 892 1756 951; x_wconf 88' lang='lat' dir='ltr'>fruimur</span> <span class='ocrx_word' id='word_1_59' title='bbox 1803 894 1936 964; x_wconf 89' lang='lat' dir='ltr'><strong>tali,</strong></span> <span class='ocrx_word' id='word_1_60' title='bbox 1993 905 2054 952; x_wconf 92' lang='lat' dir='ltr'><strong>ut</strong></span> 
     </span>
     <span class='ocr_line' id='line_1_9' title="bbox 67 981 2054 1056; baseline 0.002 -20"><span class='ocrx_word' id='word_1_61' title='bbox 67 998 181 1054; x_wconf 89' lang='lat' dir='ltr'><strong>pro</strong></span> <span class='ocrx_word' id='word_1_62' title='bbox 244 981 494 1039; x_wconf 91' lang='lat' dir='ltr'><strong>arbitrio</strong></span> <span class='ocrx_word' id='word_1_63' title='bbox 553 992 759 1040; x_wconf 90' lang='lat' dir='ltr'><strong>nostro</strong></span> <span class='ocrx_word' id='word_1_64' title='bbox 819 981 1111 1056; x_wconf 90' lang='lat' dir='ltr'><strong>possimus</strong></span> <span class='ocrx_word' id='word_1_65' title='bbox 1170 999 1273 1040; x_wconf 90' lang='lat' dir='ltr'><strong>eas</strong></span> <span class='ocrx_word' id='word_1_66' title='bbox 1332 981 1551 1040; x_wconf 87' lang='lat' dir='ltr'><strong>elicere</strong></span> <span class='ocrx_word' id='word_1_67' title='bbox 1613 983 1707 1040; x_wconf 89' lang='lat' dir='ltr'><strong>vel</strong></span> <span class='ocrx_word' id='word_1_68' title='bbox 1766 1000 1894 1040; x_wconf 91' lang='lat' dir='ltr'><strong>non</strong></span> <span class='ocrx_word' id='word_1_69' title='bbox 1954 984 2054 1041; x_wconf 88' lang='lat' dir='ltr'><strong>eli-</strong></span> 
     </span>
     <span class='ocr_line' id='line_1_10' title="bbox 70 1070 2050 1146; baseline 0.002 -20"><span class='ocrx_word' id='word_1_70' title='bbox 70 1087 229 1127; x_wconf 89' lang='lat' dir='ltr'><strong>cere.</strong></span> <span class='ocrx_word' id='word_1_71' title='bbox 304 1070 491 1143; x_wconf 83' lang='lat' dir='ltr'><strong>Quod</strong></span> <span class='ocrx_word' id='word_1_72' title='bbox 554 1071 798 1146; x_wconf 88' lang='lat' dir='ltr'><strong>quidem</strong></span> <span class='ocrx_word' id='word_1_73' title='bbox 860 1070 1161 1129; x_wconf 85' lang='lat' dir='ltr'><strong>dictamen</strong></span> <span class='ocrx_word' id='word_1_74' title='bbox 1223 1070 1530 1130; x_wconf 90' lang='lat' dir='ltr'><strong>evidenter</strong></span> <span class='ocrx_word' id='word_1_75' title='bbox 1596 1071 1934 1146; x_wconf 86' lang='lat' dir='ltr'><strong>experimur</strong></span> <span class='ocrx_word' id='word_1_76' title='bbox 1993 1071 2050 1129; x_wconf 91' lang='lat' dir='ltr'><strong>in</strong></span> 
     </span>
     <span class='ocr_line' id='line_1_11' title="bbox 68 1157 281 1216; baseline 0.014 -3"><span class='ocrx_word' id='word_1_77' title='bbox 68 1157 281 1216; x_wconf 86' lang='lat' dir='ltr'><strong>nobis:</strong></span> 
     </span>
    </p>

    <p class='ocr_par' dir='ltr' id='par_1_4' title="bbox 193 1265 2051 1341">
     <span class='ocr_line' id='line_1_12' title="bbox 193 1265 2051 1341; baseline 0.003 -20"><span class='ocrx_word' id='word_1_78' title='bbox 193 1272 329 1322; x_wconf 81' lang='lat' dir='ltr'><strong>ante</strong></span> <span class='ocrx_word' id='word_1_79' title='bbox 373 1267 673 1335; x_wconf 82' lang='lat' dir='ltr'><strong>actionem,</strong></span> <span class='ocrx_word' id='word_1_80' title='bbox 732 1266 875 1325; x_wconf 91' lang='lat' dir='ltr'><strong>dum</strong></span> <span class='ocrx_word' id='word_1_81' title='bbox 916 1265 1272 1324; x_wconf 85' lang='lat' dir='ltr'><strong>meditamur</strong></span> <span class='ocrx_word' id='word_1_82' title='bbox 1327 1277 1386 1324; x_wconf 91' lang='lat' dir='ltr'><strong>et</strong></span> <span class='ocrx_word' id='word_1_83' title='bbox 1436 1283 1755 1341; x_wconf 87' lang='lat' dir='ltr'><strong>pensamus</strong></span> <span class='ocrx_word' id='word_1_84' title='bbox 1811 1268 2051 1340; x_wconf 87' lang='lat' dir='ltr'><strong>motiva,</strong></span> 
     </span>
    </p>
   </div>
   <div class='ocr_carea' id='block_1_4' title="bbox 75 1354 2053 1521">
    <p class='ocr_par' dir='ltr' id='par_1_5' title="bbox 75 1354 2053 1521">
     <span class='ocr_line' id='line_1_13' title="bbox 78 1354 2053 1431; baseline 0.003 -21"><span class='ocrx_word' id='word_1_85' title='bbox 78 1354 291 1427; x_wconf 90' lang='lat' dir='ltr'><strong>quibus</strong></span> <span class='ocrx_word' id='word_1_86' title='bbox 335 1354 539 1412; x_wconf 91' lang='lat' dir='ltr'><strong>induci</strong></span> <span class='ocrx_word' id='word_1_87' title='bbox 580 1355 873 1431; x_wconf 91' lang='lat' dir='ltr'><strong>possimus</strong></span> <span class='ocrx_word' id='word_1_88' title='bbox 918 1357 994 1414; x_wconf 98' lang='lat' dir='ltr'><strong>ad</strong></span> <span class='ocrx_word' id='word_1_89' title='bbox 1036 1364 1274 1414; x_wconf 89' lang='lat' dir='ltr'><strong>nosmet</strong></span> <span class='ocrx_word' id='word_1_90' title='bbox 1316 1356 1477 1431; x_wconf 91' lang='lat' dir='ltr'><strong>ipsos</strong></span> <span class='ocrx_word' id='word_1_91' title='bbox 1506 1355 1694 1414; x_wconf 90' lang='lat' dir='ltr'><strong>libere</strong></span> <span class='ocrx_word' id='word_1_92' title='bbox 1724 1355 1918 1415; x_wconf 91' lang='lat' dir='ltr'><strong>taliter</strong></span> <span class='ocrx_word' id='word_1_93' title='bbox 1958 1359 2053 1416; x_wconf 89' lang='lat' dir='ltr'><strong>vel</strong></span> 
     </span>
     <span class='ocr_line' id='line_1_14' title="bbox 75 1439 1266 1521; baseline 0.003 -21"><span class='ocrx_word' id='word_1_94' title='bbox 75 1442 271 1501; x_wconf 89' lang='lat' dir='ltr'><strong>taliter</strong></span> <span class='ocrx_word' id='word_1_95' title='bbox 313 1444 805 1504; x_wconf 90' lang='lat' dir='ltr'><strong>determinandos</strong></span> <span class='ocrx_word' id='word_1_96' title='bbox 849 1439 1266 1521; x_wconf 86' lang='lat' dir='ltr'><strong>(deliberatio).</strong></span> 
     </span>
    </p>
   </div>
   <div class='ocr_carea' id='block_1_5' title="bbox 78 1550 2056 1895">
    <p class='ocr_par' dir='ltr' id='par_1_6' title="bbox 78 1550 2056 1895">
     <span class='ocr_line' id='line_1_15' title="bbox 196 1550 2056 1626; baseline 0.002 -19"><span class='ocrx_word' id='word_1_97' title='bbox 196 1551 259 1606; x_wconf 84' lang='lat' dir='ltr'><strong>in</strong></span> <span class='ocrx_word' id='word_1_98' title='bbox 300 1551 423 1626; x_wconf 60' lang='lat' dir='ltr'><strong>szso</strong></span> <span class='ocrx_word' id='word_1_99' title='bbox 465 1552 700 1608; x_wconf 84' lang='lat' dir='ltr'><strong>actionis</strong></span> <span class='ocrx_word' id='word_1_100' title='bbox 738 1551 1017 1620; x_wconf 83' lang='lat' dir='ltr'><strong>exercitio,</strong></span> <span class='ocrx_word' id='word_1_101' title='bbox 1068 1552 1211 1609; x_wconf 91' lang='lat' dir='ltr'><strong>dum</strong></span> <span class='ocrx_word' id='word_1_102' title='bbox 1254 1552 1413 1610; x_wconf 91' lang='lat' dir='ltr'><strong>clare</strong></span> <span class='ocrx_word' id='word_1_103' title='bbox 1458 1550 1740 1610; x_wconf 89' lang='lat' dir='ltr'><strong>sentimus</strong></span> <span class='ocrx_word' id='word_1_104' title='bbox 1781 1552 2056 1611; x_wconf 91' lang='lat' dir='ltr'><strong>determi-</strong></span> 
     </span>
     <span class='ocr_line' id='line_1_16' title="bbox 78 1637 2053 1717; baseline 0.003 -22"><span class='ocrx_word' id='word_1_105' title='bbox 78 1637 385 1697; x_wconf 89' lang='lat' dir='ltr'><strong>nationem</strong></span> <span class='ocrx_word' id='word_1_106' title='bbox 429 1640 508 1698; x_wconf 88' lang='lat' dir='ltr'><strong>ad</strong></span> <span class='ocrx_word' id='word_1_107' title='bbox 549 1639 852 1698; x_wconf 88' lang='lat' dir='ltr'><strong>actionem</strong></span> <span class='ocrx_word' id='word_1_108' title='bbox 894 1650 1160 1698; x_wconf 90' lang='lat' dir='ltr'><strong>nostrum</strong></span> <span class='ocrx_word' id='word_1_109' title='bbox 1205 1658 1335 1699; x_wconf 92' lang='lat' dir='ltr'><strong>esse</strong></span> <span class='ocrx_word' id='word_1_110' title='bbox 1378 1658 1544 1717; x_wconf 77' lang='lat' dir='ltr'><strong>opUS,</strong></span> <span class='ocrx_word' id='word_1_111' title='bbox 1597 1640 1780 1699; x_wconf 89' lang='lat' dir='ltr'><strong>immo</strong></span> <span class='ocrx_word' id='word_1_112' title='bbox 1823 1659 1950 1700; x_wconf 89' lang='lat' dir='ltr'><strong>esse</strong></span> <span class='ocrx_word' id='word_1_113' title='bbox 1993 1644 2053 1700; x_wconf 90' lang='lat' dir='ltr'><strong>in</strong></span> 
     </span>
     <span class='ocr_line' id='line_1_17' title="bbox 80 1727 2055 1806; baseline 0.003 -22"><span class='ocrx_word' id='word_1_114' title='bbox 80 1738 281 1786; x_wconf 84' lang='lat' dir='ltr'><strong>nostra</strong></span> <span class='ocrx_word' id='word_1_115' title='bbox 321 1737 617 1804; x_wconf 88' lang='lat' dir='ltr'><strong>potestate</strong></span> <span class='ocrx_word' id='word_1_116' title='bbox 654 1740 850 1788; x_wconf 90' lang='lat' dir='ltr'><strong>actum</strong></span> <span class='ocrx_word' id='word_1_117' title='bbox 891 1727 1199 1806; x_wconf 91' lang='lat' dir='ltr'><strong>inceptum</strong></span> <span class='ocrx_word' id='word_1_118' title='bbox 1240 1731 1563 1806; x_wconf 89' lang='lat' dir='ltr'><strong>reprobare</strong></span> <span class='ocrx_word' id='word_1_119' title='bbox 1607 1741 1682 1800; x_wconf 89' lang='lat' dir='ltr'><strong>et,</strong></span> <span class='ocrx_word' id='word_1_120' title='bbox 1727 1729 1838 1788; x_wconf 92' lang='lat' dir='ltr'><strong>nisi</strong></span> <span class='ocrx_word' id='word_1_121' title='bbox 1881 1731 2055 1789; x_wconf 91' lang='lat' dir='ltr'><strong>inter·</strong></span> 
     </span>
     <span class='ocr_line' id='line_1_18' title="bbox 82 1816 1496 1895; baseline 0.002 -22"><span class='ocrx_word' id='word_1_122' title='bbox 82 1816 241 1875; x_wconf 90' lang='lat' dir='ltr'><strong>venit</strong></span> <span class='ocrx_word' id='word_1_123' title='bbox 283 1817 538 1890; x_wconf 81' lang='lat' dir='ltr'><strong>coactiO,</strong></span> <span class='ocrx_word' id='word_1_124' title='bbox 583 1817 885 1895; x_wconf 89' lang='lat' dir='ltr'><strong>inceptum</strong></span> <span class='ocrx_word' id='word_1_125' title='bbox 930 1837 1080 1894; x_wconf 89' lang='lat' dir='ltr'><strong>opus</strong></span> <span class='ocrx_word' id='word_1_126' title='bbox 1122 1820 1496 1894; x_wconf 84' lang='lat' dir='ltr'><strong>abrumpere.</strong></span> 
     </span>
    </p>
   </div>
   <div class='ocr_carea' id='block_1_6' title="bbox 84 1924 2056 2163">
    <p class='ocr_par' dir='ltr' id='par_1_7' title="bbox 84 1924 2056 2163">
     <span class='ocr_line' id='line_1_19' title="bbox 186 1924 2056 2002; baseline 0.001 -21"><span class='ocrx_word' id='word_1_127' title='bbox 186 1932 325 2000; x_wconf 83' lang='lat' dir='ltr'><strong>post</strong></span> <span class='ocrx_word' id='word_1_128' title='bbox 364 1926 604 1983; x_wconf 83' lang='lat' dir='ltr'><strong>elicitum</strong></span> <span class='ocrx_word' id='word_1_129' title='bbox 644 1934 857 1996; x_wconf 85' lang='lat' dir='ltr'><strong>actum,</strong></span> <span class='ocrx_word' id='word_1_130' title='bbox 915 1926 1058 1985; x_wconf 92' lang='lat' dir='ltr'><strong>dum</strong></span> <span class='ocrx_word' id='word_1_131' title='bbox 1102 1944 1213 2002; x_wconf 91' lang='lat' dir='ltr'><strong>pro</strong></span> <span class='ocrx_word' id='word_1_132' title='bbox 1270 1935 1431 1984; x_wconf 92' lang='lat' dir='ltr'><strong>recte</strong></span> <span class='ocrx_word' id='word_1_133' title='bbox 1488 1924 1656 1984; x_wconf 87' lang='lat' dir='ltr'><strong>factis</strong></span> <span class='ocrx_word' id='word_1_134' title='bbox 1698 1924 1872 1983; x_wconf 91' lang='lat' dir='ltr'><strong>nobis</strong></span> <span class='ocrx_word' id='word_1_135' title='bbox 1913 1926 2056 2001; x_wconf 90' lang='lat' dir='ltr'><strong>ipsis</strong></span> 
     </span>
     <span class='ocr_line' id='line_1_20' title="bbox 84 2013 2052 2091; baseline 0.001 -21"><span class='ocrx_word' id='word_1_136' title='bbox 84 2015 456 2085; x_wconf 85' lang='lat' dir='ltr'><strong>gratulamur,</strong></span> <span class='ocrx_word' id='word_1_137' title='bbox 488 2032 599 2090; x_wconf 89' lang='lat' dir='ltr'><strong>pro</strong></span> <span class='ocrx_word' id='word_1_138' title='bbox 628 2016 781 2073; x_wconf 89' lang='lat' dir='ltr'><strong>male</strong></span> <span class='ocrx_word' id='word_1_139' title='bbox 810 2017 989 2091; x_wconf 89' lang='lat' dir='ltr'><strong>gestis</strong></span> <span class='ocrx_word' id='word_1_140' title='bbox 1017 2015 1248 2074; x_wconf 89' lang='lat' dir='ltr'><strong>tristitia</strong></span> <span class='ocrx_word' id='word_1_141' title='bbox 1275 2024 1336 2073; x_wconf 92' lang='lat' dir='ltr'><strong>et</strong></span> <span class='ocrx_word' id='word_1_142' title='bbox 1363 2013 1728 2090; x_wconf 92' lang='lat' dir='ltr'><strong>paenitentia</strong></span> <span class='ocrx_word' id='word_1_143' title='bbox 1746 2013 2052 2087; x_wconf 89' lang='lat' dir='ltr'><strong>afficimur,</strong></span> 
     </span>
     <span class='ocr_line' id='line_1_21' title="bbox 87 2103 851 2163; baseline 0.008 -6"><span class='ocrx_word' id='word_1_144' title='bbox 87 2103 455 2161; x_wconf 80' lang='lat' dir='ltr'><strong>conscientia.</strong></span> <span class='ocrx_word' id='word_1_145' title='bbox 491 2104 851 2163; x_wconf 89' lang='lat' dir='ltr'><strong>mordemur.</strong></span> 
     </span>
    </p>
   </div>
   <div class='ocr_carea' id='block_1_7' title="bbox 90 2200 2056 3353">
    <p class='ocr_par' dir='ltr' id='par_1_8' title="bbox 90 2200 2055 2903">
     <span class='ocr_line' id='line_1_22' title="bbox 202 2200 2054 2276; baseline 0 -19"><span class='ocrx_word' id='word_1_146' title='bbox 202 2200 379 2259; x_wconf 89' lang='lat' dir='ltr'><strong>Clare</strong></span> <span class='ocrx_word' id='word_1_147' title='bbox 422 2201 679 2276; x_wconf 90' lang='lat' dir='ltr'><strong>proinde</strong></span> <span class='ocrx_word' id='word_1_148' title='bbox 722 2201 1091 2261; x_wconf 88' lang='lat' dir='ltr'><strong>conscientia</strong></span> <span class='ocrx_word' id='word_1_149' title='bbox 1135 2201 1406 2260; x_wconf 90' lang='lat' dir='ltr'><strong>videmus</strong></span> <span class='ocrx_word' id='word_1_150' title='bbox 1452 2220 1564 2259; x_wconf 92' lang='lat' dir='ltr'><strong>nos</strong></span> <span class='ocrx_word' id='word_1_151' title='bbox 1604 2202 2054 2259; x_wconf 83' lang='lat' dir='ltr'><strong>deliberationem</strong></span> 
     </span>
     <span class='ocr_line' id='line_1_23' title="bbox 90 2287 2052 2366; baseline 0.002 -22"><span class='ocrx_word' id='word_1_152' title='bbox 90 2287 242 2346; x_wconf 88' lang='lat' dir='ltr'><strong>circa</strong></span> <span class='ocrx_word' id='word_1_153' title='bbox 268 2291 535 2349; x_wconf 89' lang='lat' dir='ltr'><strong>valorem</strong></span> <span class='ocrx_word' id='word_1_154' title='bbox 565 2293 921 2350; x_wconf 88' lang='lat' dir='ltr'><strong>motivorum</strong></span> <span class='ocrx_word' id='word_1_155' title='bbox 950 2290 1137 2349; x_wconf 90' lang='lat' dir='ltr'><strong>libere</strong></span> <span class='ocrx_word' id='word_1_156' title='bbox 1164 2291 1550 2366; x_wconf 79' lang='lat' dir='ltr'><strong>protrahere3</strong></span> <span class='ocrx_word' id='word_1_157' title='bbox 1578 2290 1739 2363; x_wconf 91' lang='lat' dir='ltr'><strong>item,</strong></span> <span class='ocrx_word' id='word_1_158' title='bbox 1768 2290 2052 2359; x_wconf 59' lang='lat' dir='ltr'><strong>dectkione,</strong></span> 
     </span>
     <span class='ocr_line' id='line_1_24' title="bbox 92 2378 2055 2455; baseline 0.002 -22"><span class='ocrx_word' id='word_1_159' title='bbox 92 2395 261 2449; x_wconf 89' lang='lat' dir='ltr'><strong>quam</strong></span> <span class='ocrx_word' id='word_1_160' title='bbox 316 2390 567 2452; x_wconf 92' lang='lat' dir='ltr'><strong>vocant,</strong></span> <span class='ocrx_word' id='word_1_161' title='bbox 626 2379 1043 2439; x_wconf 86' lang='lat' dir='ltr'><strong>deliberationi</strong></span> <span class='ocrx_word' id='word_1_162' title='bbox 1084 2390 1264 2455; x_wconf 89' lang='lat' dir='ltr'><strong>atque</strong></span> <span class='ocrx_word' id='word_1_163' title='bbox 1308 2378 1774 2439; x_wconf 89' lang='lat' dir='ltr'><strong>considerationi</strong></span> <span class='ocrx_word' id='word_1_164' title='bbox 1820 2380 1902 2437; x_wconf 92' lang='lat' dir='ltr'><strong>illi</strong></span> <span class='ocrx_word' id='word_1_165' title='bbox 1944 2399 2055 2438; x_wconf 92' lang='lat' dir='ltr'><strong>nos</strong></span> 
     </span>
     <span class='ocr_line' id='line_1_25' title="bbox 92 2466 2053 2546; baseline 0.002 -25"><span class='ocrx_word' id='word_1_166' title='bbox 92 2466 265 2525; x_wconf 89' lang='lat' dir='ltr'><strong>libere</strong></span> <span class='ocrx_word' id='word_1_167' title='bbox 322 2469 505 2527; x_wconf 89' lang='lat' dir='ltr'><strong>finem</strong></span> <span class='ocrx_word' id='word_1_168' title='bbox 545 2470 887 2546; x_wconf 90' lang='lat' dir='ltr'><strong>imponere,</strong></span> <span class='ocrx_word' id='word_1_169' title='bbox 943 2471 1025 2528; x_wconf 91' lang='lat' dir='ltr'><strong>ita</strong></span> <span class='ocrx_word' id='word_1_170' title='bbox 1065 2480 1157 2541; x_wconf 91' lang='lat' dir='ltr'><strong>ut,</strong></span> <span class='ocrx_word' id='word_1_171' title='bbox 1204 2468 1510 2528; x_wconf 90' lang='lat' dir='ltr'><strong>decisione</strong></span> <span class='ocrx_word' id='word_1_172' title='bbox 1553 2480 1826 2544; x_wconf 89' lang='lat' dir='ltr'><strong>peracta,</strong></span> <span class='ocrx_word' id='word_1_173' title='bbox 1869 2469 2053 2526; x_wconf 91' lang='lat' dir='ltr'><strong>libere</strong></span> 
     </span>
     <span class='ocr_line' id='line_1_26' title="bbox 96 2556 2054 2627; baseline 0.002 -17"><span class='ocrx_word' id='word_1_174' title='bbox 96 2556 352 2627; x_wconf 50' lang='lat' dir='ltr'><strong>eligamus</strong></span> <span class='ocrx_word' id='word_1_175' title='bbox 391 2557 547 2616; x_wconf 92' lang='lat' dir='ltr'><strong>inter</strong></span> <span class='ocrx_word' id='word_1_176' title='bbox 588 2568 785 2616; x_wconf 89' lang='lat' dir='ltr'><strong>actum</strong></span> <span class='ocrx_word' id='word_1_177' title='bbox 828 2570 888 2617; x_wconf 92' lang='lat' dir='ltr'><strong>et</strong></span> <span class='ocrx_word' id='word_1_178' title='bbox 928 2576 1054 2617; x_wconf 92' lang='lat' dir='ltr'><strong>non</strong></span> <span class='ocrx_word' id='word_1_179' title='bbox 1096 2568 1296 2616; x_wconf 88' lang='lat' dir='ltr'><strong>actum</strong></span> <span class='ocrx_word' id='word_1_180' title='bbox 1324 2558 1418 2616; x_wconf 89' lang='lat' dir='ltr'><strong>vel</strong></span> <span class='ocrx_word' id='word_1_181' title='bbox 1456 2558 1611 2616; x_wconf 91' lang='lat' dir='ltr'><strong>inter</strong></span> <span class='ocrx_word' id='word_1_182' title='bbox 1638 2559 1816 2617; x_wconf 91' lang='lat' dir='ltr'><strong>talem</strong></span> <span class='ocrx_word' id='word_1_183' title='bbox 1858 2568 2054 2615; x_wconf 91' lang='lat' dir='ltr'><strong>actum</strong></span> 
     </span>
     <span class='ocr_line' id='line_1_27' title="bbox 97 2645 2054 2720; baseline 0.001 -20"><span class='ocrx_word' id='word_1_184' title='bbox 97 2652 150 2701; x_wconf 89' lang='lat' dir='ltr'><strong>et</strong></span> <span class='ocrx_word' id='word_1_185' title='bbox 186 2646 381 2704; x_wconf 88' lang='lat' dir='ltr'><strong>alium.</strong></span> <span class='ocrx_word' id='word_1_186' title='bbox 466 2646 641 2720; x_wconf 84' lang='lat' dir='ltr'><strong>Quae</strong></span> <span class='ocrx_word' id='word_1_187' title='bbox 684 2647 985 2706; x_wconf 88' lang='lat' dir='ltr'><strong>evidentia</strong></span> <span class='ocrx_word' id='word_1_188' title='bbox 1025 2648 1321 2707; x_wconf 87' lang='lat' dir='ltr'><strong>obiectiva</strong></span> <span class='ocrx_word' id='word_1_189' title='bbox 1363 2658 1484 2705; x_wconf 89' lang='lat' dir='ltr'><strong>tam</strong></span> <span class='ocrx_word' id='word_1_190' title='bbox 1528 2647 1686 2705; x_wconf 91' lang='lat' dir='ltr'><strong>clare</strong></span> <span class='ocrx_word' id='word_1_191' title='bbox 1716 2664 1845 2705; x_wconf 91' lang='lat' dir='ltr'><strong>sese</strong></span> <span class='ocrx_word' id='word_1_192' title='bbox 1873 2645 2054 2703; x_wconf 91' lang='lat' dir='ltr'><strong>mani-</strong></span> 
     </span>
     <span class='ocr_line' id='line_1_28' title="bbox 101 2732 2053 2813; baseline 0.002 -24"><span class='ocrx_word' id='word_1_193' title='bbox 101 2732 272 2806; x_wconf 88' lang='lat' dir='ltr'><strong>festat,</strong></span> <span class='ocrx_word' id='word_1_194' title='bbox 317 2747 381 2794; x_wconf 93' lang='lat' dir='ltr'><strong>ut</strong></span> <span class='ocrx_word' id='word_1_195' title='bbox 413 2738 652 2795; x_wconf 92' lang='lat' dir='ltr'><strong>nonnisi</strong></span> <span class='ocrx_word' id='word_1_196' title='bbox 683 2756 719 2795; x_wconf 99' lang='lat' dir='ltr'><strong>a</strong></span> <span class='ocrx_word' id='word_1_197' title='bbox 746 2738 1029 2813; x_wconf 80' lang='lat' dir='ltr'><strong>sceptiCO,</strong></span> <span class='ocrx_word' id='word_1_198' title='bbox 1072 2747 1378 2812; x_wconf 91' lang='lat' dir='ltr'><strong>tamquam</strong></span> <span class='ocrx_word' id='word_1_199' title='bbox 1407 2755 1530 2795; x_wconf 92' lang='lat' dir='ltr'><strong>non</strong></span> <span class='ocrx_word' id='word_1_200' title='bbox 1562 2735 1635 2794; x_wconf 90' lang='lat' dir='ltr'><strong>sit</strong></span> <span class='ocrx_word' id='word_1_201' title='bbox 1663 2734 2053 2793; x_wconf 87' lang='lat' dir='ltr'><strong>firmissimum</strong></span> 
     </span>
     <span class='ocr_line' id='line_1_29' title="bbox 100 2824 1291 2903; baseline 0.006 -25"><span class='ocrx_word' id='word_1_202' title='bbox 100 2824 342 2882; x_wconf 88' lang='lat' dir='ltr'><strong>veritatis</strong></span> <span class='ocrx_word' id='word_1_203' title='bbox 385 2826 703 2899; x_wconf 87' lang='lat' dir='ltr'><strong>criterium,</strong></span> <span class='ocrx_word' id='word_1_204' title='bbox 748 2827 1047 2903; x_wconf 90' lang='lat' dir='ltr'><strong>repudiari</strong></span> <span class='ocrx_word' id='word_1_205' title='bbox 1088 2827 1291 2903; x_wconf 88' lang='lat' dir='ltr'><strong>possit.</strong></span> 
     </span>
    </p>

    <p class='ocr_par' dir='ltr' id='par_1_9' title="bbox 104 2920 2056 3353">
     <span class='ocr_line' id='line_1_30' title="bbox 210 2920 2056 2999; baseline 0 -22"><span class='ocrx_word' id='word_1_206' title='bbox 210 2920 423 2997; x_wconf 92' lang='lat' dir='ltr'><strong>Neque</strong></span> <span class='ocrx_word' id='word_1_207' title='bbox 468 2924 629 2981; x_wconf 92' lang='lat' dir='ltr'><strong>enim</strong></span> <span class='ocrx_word' id='word_1_208' title='bbox 684 2924 835 2983; x_wconf 89' lang='lat' dir='ltr'><strong>haec</strong></span> <span class='ocrx_word' id='word_1_209' title='bbox 885 2924 1095 2982; x_wconf 91' lang='lat' dir='ltr'><strong>intima</strong></span> <span class='ocrx_word' id='word_1_210' title='bbox 1149 2934 1353 2983; x_wconf 89' lang='lat' dir='ltr'><strong>nostra</strong></span> <span class='ocrx_word' id='word_1_211' title='bbox 1397 2922 1702 2999; x_wconf 88' lang='lat' dir='ltr'><strong>persuasio</strong></span> <span class='ocrx_word' id='word_1_212' title='bbox 1751 2932 2056 2996; x_wconf 88' lang='lat' dir='ltr'><strong>tamquam</strong></span> 
     </span>
     <span class='ocr_line' id='line_1_31' title="bbox 104 3008 2055 3089; baseline 0.003 -27"><span class='ocrx_word' id='word_1_213' title='bbox 104 3008 269 3066; x_wconf 84' lang='lat' dir='ltr'><strong>illusio</strong></span> <span class='ocrx_word' id='word_1_214' title='bbox 309 3020 397 3069; x_wconf 92' lang='lat' dir='ltr'><strong>est</strong></span> <span class='ocrx_word' id='word_1_215' title='bbox 438 3013 737 3084; x_wconf 89' lang='lat' dir='ltr'><strong>habenda,</strong></span> <span class='ocrx_word' id='word_1_216' title='bbox 790 3032 945 3088; x_wconf 90' lang='lat' dir='ltr'><strong>quae</strong></span> <span class='ocrx_word' id='word_1_217' title='bbox 988 3032 1061 3072; x_wconf 84' lang='lat' dir='ltr'><strong>ex</strong></span> <span class='ocrx_word' id='word_1_218' title='bbox 1102 3012 1440 3089; x_wconf 88' lang='lat' dir='ltr'><strong>ignorantia</strong></span> <span class='ocrx_word' id='word_1_219' title='bbox 1483 3010 1720 3083; x_wconf 90' lang='lat' dir='ltr'><strong>oriatur,</strong></span> <span class='ocrx_word' id='word_1_220' title='bbox 1764 3020 2055 3086; x_wconf 90' lang='lat' dir='ltr'><strong>quatenus</strong></span> 
     </span>
     <span class='ocr_line' id='line_1_32' title="bbox 108 3096 2054 3175; baseline 0.003 -24"><span class='ocrx_word' id='word_1_221' title='bbox 108 3096 311 3157; x_wconf 89' lang='lat' dir='ltr'><strong>scilicet</strong></span> <span class='ocrx_word' id='word_1_222' title='bbox 347 3119 492 3161; x_wconf 91' lang='lat' dir='ltr'><strong>vera</strong></span> <span class='ocrx_word' id='word_1_223' title='bbox 535 3121 713 3161; x_wconf 89' lang='lat' dir='ltr'><strong>causa</strong></span> <span class='ocrx_word' id='word_1_224' title='bbox 754 3104 1057 3161; x_wconf 86' lang='lat' dir='ltr'><strong>actionum</strong></span> <span class='ocrx_word' id='word_1_225' title='bbox 1100 3114 1436 3161; x_wconf 88' lang='lat' dir='ltr'><strong>nostrarum</strong></span> <span class='ocrx_word' id='word_1_226' title='bbox 1483 3119 1675 3175; x_wconf 90' lang='lat' dir='ltr'><strong>eaque</strong></span> <span class='ocrx_word' id='word_1_227' title='bbox 1716 3100 2054 3159; x_wconf 90' lang='lat' dir='ltr'><strong>necessaria</strong></span> 
     </span>
     <span class='ocr_line' id='line_1_33' title="bbox 110 3188 2054 3268; baseline 0.002 -27"><span class='ocrx_word' id='word_1_228' title='bbox 110 3203 205 3243; x_wconf 91' lang='lat' dir='ltr'><strong>nos</strong></span> <span class='ocrx_word' id='word_1_229' title='bbox 255 3188 445 3249; x_wconf 89' lang='lat' dir='ltr'><strong>lateat.</strong></span> <span class='ocrx_word' id='word_1_230' title='bbox 543 3192 706 3250; x_wconf 89' lang='lat' dir='ltr'><strong>Talis</strong></span> <span class='ocrx_word' id='word_1_231' title='bbox 761 3210 1021 3267; x_wconf 91' lang='lat' dir='ltr'><strong>namque</strong></span> <span class='ocrx_word' id='word_1_232' title='bbox 1077 3191 1406 3268; x_wconf 89' lang='lat' dir='ltr'><strong>suppositio</strong></span> <span class='ocrx_word' id='word_1_233' title='bbox 1467 3191 1652 3249; x_wconf 89' lang='lat' dir='ltr'><strong>tribus</strong></span> <span class='ocrx_word' id='word_1_234' title='bbox 1705 3188 2054 3266; x_wconf 89' lang='lat' dir='ltr'><strong>praesertim</strong></span> 
     </span>
     <span class='ocr_line' id='line_1_34' title="bbox 112 3273 2052 3353; baseline 0.002 -24"><span class='ocrx_word' id='word_1_235' title='bbox 112 3273 317 3335; x_wconf 87' lang='lat' dir='ltr'><strong>laborat</strong></span> <span class='ocrx_word' id='word_1_236' title='bbox 355 3278 537 3337; x_wconf 88' lang='lat' dir='ltr'><strong>vitiis:</strong></span> <span class='ocrx_word' id='word_1_237' title='bbox 604 3301 651 3338; x_wconf 94' lang='lat'><strong>1.</strong></span> <span class='ocrx_word' id='word_1_238' title='bbox 702 3280 973 3339; x_wconf 75' lang='lat' dir='ltr'><strong>Gratuita</strong></span> <span class='ocrx_word' id='word_1_239' title='bbox 1026 3280 1276 3338; x_wconf 90' lang='lat' dir='ltr'><strong>omnino</strong></span> <span class='ocrx_word' id='word_1_240' title='bbox 1317 3289 1405 3339; x_wconf 93' lang='lat' dir='ltr'><strong>est</strong></span> <span class='ocrx_word' id='word_1_241' title='bbox 1446 3279 1796 3353; x_wconf 87' lang='lat' dir='ltr'><strong>excogitata,</strong></span> <span class='ocrx_word' id='word_1_242' title='bbox 1841 3278 1889 3335; x_wconf 92' lang='lat' dir='ltr'><strong>si</strong></span> <span class='ocrx_word' id='word_1_243' title='bbox 1933 3277 2052 3351; x_wconf 92' lang='lat' dir='ltr'><strong>qui-</strong></span> 
     </span>
    </p>
   </div>
   <div class='ocr_carea' id='block_1_8' title="bbox 117 3362 2050 3521">
    <p class='ocr_par' dir='ltr' id='par_1_10' title="bbox 117 3362 2050 3521">
     <span class='ocr_line' id='line_1_35' title="bbox 117 3362 2050 3445; baseline 0.001 -26"><span class='ocrx_word' id='word_1_244' title='bbox 117 3362 236 3420; x_wconf 89' lang='lat' dir='ltr'><strong>dem</strong></span> <span class='ocrx_word' id='word_1_245' title='bbox 262 3385 491 3425; x_wconf 90' lang='lat' dir='ltr'><strong>causam</strong></span> <span class='ocrx_word' id='word_1_246' title='bbox 520 3370 805 3443; x_wconf 89' lang='lat' dir='ltr'><strong>ignotam,</strong></span> <span class='ocrx_word' id='word_1_247' title='bbox 850 3371 1072 3445; x_wconf 90' lang='lat' dir='ltr'><strong>quippe</strong></span> <span class='ocrx_word' id='word_1_248' title='bbox 1103 3387 1258 3443; x_wconf 91' lang='lat' dir='ltr'><strong>quae</strong></span> <span class='ocrx_word' id='word_1_249' title='bbox 1288 3368 1361 3426; x_wconf 91' lang='lat' dir='ltr'><strong>sit</strong></span> <span class='ocrx_word' id='word_1_250' title='bbox 1387 3369 1610 3441; x_wconf 87' lang='lat' dir='ltr'><strong>ignota,</strong></span> <span class='ocrx_word' id='word_1_251' title='bbox 1654 3367 2050 3424; x_wconf 88' lang='lat' dir='ltr'><strong>necessariam</strong></span> 
     </span>
     <span class='ocr_line' id='line_1_36' title="bbox 209 3463 1732 3521; baseline 0.001 -15"><span class='ocrx_word' id='word_1_252' title='bbox 209 3467 574 3521; x_wconf 81' lang='lat' dir='ltr'><strong>Reinstadler,</strong></span> <span class='ocrx_word' id='word_1_253' title='bbox 607 3472 741 3512; x_wconf 87' lang='lat' dir='ltr'><strong>Elem.</strong></span> <span class='ocrx_word' id='word_1_254' title='bbox 774 3470 929 3521; x_wconf 84' lang='lat' dir='ltr'><strong>philos.</strong></span> <span class='ocrx_word' id='word_1_255' title='bbox 961 3470 1096 3511; x_wconf 76' lang='lat' dir='ltr'><strong>schol.</strong></span> <span class='ocrx_word' id='word_1_256' title='bbox 1146 3470 1201 3508; x_wconf 93' lang='lat'><strong>11.</strong></span> <span class='ocrx_word' id='word_1_257' title='bbox 1699 3463 1732 3507; x_wconf 91' lang='lat'><strong>6</strong></span> 
     </span>
    </p>
   </div>
  </div>
 </body>
</html>
