2367 3850
289 234 390 286 252
916 237 1245 275 THEOLOGIA
1288 239 1631 276 NATURALIS.

1033 411 1367 460 Anncums
1406 423 1505 460 v11.

809 523 906 571 DE
946 524 1439 574 PROVIDENTIA
1477 526 1746 575 DIVINA.

415 657 847 706 praenotiones.
905 647 1289 707 Providentia
1329 649 1452 707 lato
1483 667 1659 708 sensu
1702 661 1939 726 sumpta
1978 661 2062 709 est
2096 661 2248 708 actus

285 735 388 792 ille
429 735 563 806 Dei,
608 754 729 810 quo
770 736 1178 796 universarum
1220 747 1281 796 et
1334 737 1697 813 singularum
1752 756 1951 797 rerum
1992 739 2245 798 ordinem

288 823 365 880 ab
420 834 666 883 aeterno
721 835 886 884 certa
939 825 1285 901 provisione
1327 825 1599 886 decernit
1641 838 1700 886 et
1740 828 1805 885 in
1861 839 2121 904 tempore
2156 847 2247 886 ex-

289 913 569 988 sequitur.

410 1003 511 1060 Ad
538 1004 992 1078 providentiam,
1032 1003 1113 1063 ait
1142 1006 1201 1064 S.
1234 1007 1482 1077 Doctor,
1526 1005 1647 1064 duo
1677 1005 1996 1081 pertinent,
2038 1007 2247 1065 scilicet

291 1091 440 1150 ratio
485 1093 708 1152 ordinis
737 1112 932 1152 rerum
961 1095 1335 1169 provisarum
1376 1094 1437 1152 in
1467 1095 1649 1153 finem
1678 1105 1739 1153 et
1768 1095 2063 1155 exsecutio
2088 1095 2249 1153 huius

291 1181 536 1254 ordinis,
582 1200 737 1258 quae
778 1183 1134 1258 gubernatio
1177 1183 1394 1242 dicitur
1422 1185 1454 1242 ¹.

410 1273 597 1330 Porro
639 1271 770 1348 ipsa
813 1273 962 1331 ratio
992 1273 1224 1331 ordinis
1254 1291 1451 1332 rerum
1494 1272 1557 1330 in
1584 1271 1862 1349 proprios
1890 1275 2035 1332 fines
2062 1283 2252 1331 mente

292 1371 588 1436 concepta
631 1372 690 1420 et
731 1363 1032 1420 voluntate
1061 1361 1307 1433 sancita,
1350 1373 1441 1421 est
1468 1361 1847 1438 providentia
1874 1382 2037 1420 sensu
2073 1364 2257 1420 strido

291 1460 570 1525 accepta,
630 1461 689 1509 et
741 1452 894 1510 haec
947 1451 1326 1527 providentia
1371 1451 1435 1509 in
1477 1454 1613 1510 Deo
1669 1462 1757 1510 est
1810 1462 2068 1510 aeterna.
2142 1454 2253 1509 Ex-

291 1538 516 1596 secutio
576 1558 720 1598 vero
779 1539 948 1599 huius
1002 1541 1232 1599 ordinis
1286 1541 1380 1599 vel
1431 1542 1772 1614 gubernatio
1831 1560 1957 1599 non
2012 1551 2097 1600 est
2144 1540 2252 1598 nisi

291 1627 535 1686 effectus
577 1629 918 1704 temporalis
959 1629 1128 1688 huius
1169 1630 1585 1706 providentiae
1628 1641 1927 1688 aeternae.

415 1719 539 1774 Iam
568 1735 713 1776 vero
755 1737 892 1776 cum
925 1719 1002 1778 de
1033 1719 1409 1794 providentia
1438 1720 1555 1778 Dei
1584 1718 1878 1778 disserunt
1906 1717 2255 1794 philosophi,
2347 1793 2348 1796 Ἴ

296 1817 610 1880 utrumque
653 1807 825 1865 simul
866 1826 1012 1883 prae
1057 1809 1244 1866 oculis
1271 1809 1512 1879 habent,
1556 1807 1639 1866 ita
1677 1819 1741 1866 ut
1768 1807 1984 1866 thesim
2011 1816 2255 1866 statuant
2347 1797 2348 1810 ¹

292 1895 448 1953 hanc
506 1897 882 1972 generalem:
943 1897 1110 1955 Deus
1155 1898 1525 1973 providentia
1580 1916 1689 1956 sua
1744 1915 2113 1973 quaecumque
2167 1915 2254 1954 ex-

291 1987 528 2055 sistunt,
585 1986 670 2043 ad
683 1988 842 2061 fines
881 1988 953 2045 ab
992 1989 1112 2063 ipso
1161 1994 1315 2045 certa
1342 1988 1708 2063 praevisione
1758 1988 2003 2045 decretos
2052 1988 2253 2062 sapien·
2344 2018 2346 2053 3

293 2076 501 2132 tissime
540 2075 756 2149 dirigit.

414 2164 627 2238 Neque
681 2174 882 2223 tamen
925 2165 1076 2223 haec
1131 2164 1407 2224 doctrina
1447 2166 1525 2223 ab
1567 2166 1843 2223 omnibus
1900 2162 2257 2240 philosophis

293 2252 652 2327 admittitur3
707 2252 806 2310 alii
849 2254 1008 2311 enim
1026 2298 1041 2324 ‚
1101 2256 1308 2328 quales
1350 2264 1485 2311 sunt
1524 2252 1962 2325 materialistae‚
2006 2252 2258 2329 panthei·
2342 2298 2344 2337 ἐ

292 2351 435 2414 stae,
482 2343 785 2414 fatalistae‚
831 2344 1270 2418 providentiam
1300 2342 1563 2401 divinam
1594 2343 1841 2401 omnino
1870 2351 2124 2418 negant3
2164 2341 2253 2399 alii
2343 2348 2344 2370 ¹

292 2451 439 2491 vero
455 2478 470 2503 ,
530 2450 680 2507 quos
721 2432 929 2489 deistas
969 2442 1188 2491 vocant
1204 2479 1218 2505 ,
1278 2432 1561 2489 influxum
1615 2432 1785 2490 huius
1841 2432 2080 2491 divinae
2134 2448 2256 2507 pro-

292 2520 592 2580 videntiae
653 2519 716 2579 in
775 2539 869 2580 res
929 2532 1157 2580 creatas
1217 2520 1658 2593 comminuunt,
1720 2538 1857 2579 cum
1900 2521 2256 2580 contendant

293 2612 491 2669 Deum
533 2629 644 2682 reS,
687 2610 961 2670 minimas
1001 2609 1382 2686 praesertim,
1444 2628 1571 2669 non
1612 2611 1982 2685 gubernare,
2044 2610 2149 2669 sed
2187 2609 2254 2665 ab

293 2699 461 2757 initio
502 2709 729 2758 tantum
772 2698 930 2775 ipsas
972 2699 1349 2776 disposuisse.
1814 2694 1819 2701 ’

412 2789 561 2847 Fide
621 2800 820 2849 tamen
881 2790 1032 2849 haec
1092 2809 1275 2865 quam
1334 2787 1765 2848 declaravimus
1819 2788 2026 2847 divina
2079 2785 2254 2865 provi·

292 2877 496 2937 dentia
535 2876 781 2936 firmiter
807 2878 1178 2937 admittenda
1220 2888 1324 2937 est.
1391 2877 1629 2936 Etenim
1676 2876 2107 2937 «Considerate
2146 2876 2253 2933 lilia
2336 2888 2338 2941 ζ

294 2966 474 3041 agri,»
528 2966 610 3023 ait
650 2966 976 3039 Dominus,
1045 2967 1390 3043 «quomodo
1432 2976 1738 3040 crescunt3
1792 2984 1921 3024 non
1977 2967 2247 3033 laborant,

291 3073 491 3130 neque
533 3065 695 3114 nent.
779 3056 939 3115 Dico
980 3066 1178 3114 autem
1220 3055 1421 3126 vobiS‚
1480 3054 1768 3131 quoniam
1822 3073 1941 3113 nec
1984 3056 2249 3114 Salomon

292 3145 354 3202 in
398 3144 563 3201 omni
602 3145 796 3219 gloria
835 3164 940 3203 sua
981 3156 1301 3221 coopertus
1344 3155 1443 3205 est·
1472 3144 1622 3203 sicut
1662 3162 1845 3203 unum
1888 3162 1963 3202 ex
2006 3143 2139 3203 istis.
2194 3139 2245 3197 Si
2335 3222 2336 3227 η

293 3242 491 3291 autem
534 3234 778 3291 foenum
820 3234 965 3309 agri,
1011 3235 1176 3308 quod
1216 3234 1399 3294 hodie
1444 3244 1532 3293 est
1573 3244 1633 3293 et
1686 3252 1818 3292 cras
1860 3232 1923 3291 in
1966 3234 2245 3293 clibanum

420 3421 437 3451 ¹
475 3424 527 3470 S.
575 3424 763 3482 Thom„
802 3424 850 3472 S.
893 3424 1045 3473 theol.
1087 3426 1127 3486 1,
1165 3443 1215 3489 q.
1258 3439 1339 3486 22,
1380 3444 1424 3475 a.
1465 3438 1514 3488 3.
