2367 3850
501 203 581 238 DE
625 205 988 250 UBIQUITATE
1028 211 1102 248 ET
1143 213 1549 254 IMMENSITATE
1590 222 1705 258 Dm.
2014 227 2113 274 249

236 343 292 400 S.
332 346 564 407 Doctor
594 352 612 383 ¹
656 353 998 415 absolutam
1041 359 1191 418 dicit
1233 363 1353 420 Dei
1404 367 1765 440 potentiam,
1827 383 2117 446 quatenus

103 433 516 496 consideratur
560 445 1006 503 antecedenter
1047 448 1129 506 ad
1180 449 1431 510 decreta
1486 455 1723 531 divina3
1778 459 2115 518 ordinatam

100 538 286 592 vere,
335 534 631 598 quatenus
689 533 944 591 sumitur
987 536 1417 612 dependenter
1471 544 1549 601 ab
1597 545 1725 603 illis.
1812 547 1910 606 Sic
1955 551 2117 608 Deus

103 613 370 680 potentia
411 615 693 676 absoluta
737 623 1034 682 mundum
1079 627 1286 686 denuo
1330 630 1556 689 diluvio
1586 635 1843 707 perdere
1890 647 2119 712 potest3

101 701 368 770 potentia
405 715 610 764 autem
641 709 926 769 ordinata
954 730 1084 770 non
1113 724 1332 788 potest,
1378 731 1627 794 propter
1654 724 2115 798 promissionem

107 790 305 860 «quod
372 811 500 850 non
574 796 692 856 erit
751 800 1051 877 deinceps
1126 805 1417 865 diluvium
1486 809 1785 886 dissipans
1854 822 2110 871 terram»

102 869 282 946 (Gen.
327 901 382 954 9,
434 903 458 938 1
476 877 550 956 1).

221 975 335 1034 Alii
379 995 528 1036 vero
573 983 920 1044 absolutam
966 987 1180 1046 dicunt
1225 989 1345 1049 Dei
1401 995 1765 1067 potentiam,
1824 1009 2117 1070 quatenus

97 1081 212 1134 per
235 1083 292 1122 se
323 1067 518 1126 solam
550 1071 1016 1148 consideratum,
1045 1077 1409 1152 ordinatam,
1447 1092 1741 1155 quatenus
1768 1085 2114 1159 sapientiae,

97 1150 359 1226 iustitiae,
407 1159 759 1234 ceterisque
799 1163 1118 1224 virtutibus
1163 1168 1566 1244 coniungitur.

217 1252 331 1309 Alii
377 1253 652 1330 denique
699 1259 1040 1320 absolutam
1085 1263 1300 1323 dicunt
1327 1266 1661 1341 potentiam
1691 1270 1825 1339 Dei,
1871 1271 2116 1343 quando

101 1337 454 1400 miraculose
486 1358 814 1424 operatur3
858 1351 1205 1410 ordinatam
1233 1371 1400 1424 vero,
1446 1358 1691 1429 quando
1722 1357 1919 1416 ordini
1959 1376 2115 1416 com-

97 1430 254 1486 muni
294 1441 556 1492 naturae
603 1446 664 1494 et
707 1439 941 1512 gratiae
983 1459 1119 1499 sese
1163 1444 1595 1503 accommodat
1618 1445 1657 1503 ².

877 1625 1223 1675 ARTICULUS
1264 1639 1340 1675 v1.

376 1742 481 1789 DE
521 1743 974 1818 UBIQUITATE
1014 1748 1106 1796 ET
1144 1748 1645 1798 IMMENSITATE
1683 1751 1823 1800 DEI.

207 1880 435 1933 Thesis.
524 1875 702 1935 Deus
743 1885 830 1935 est
867 1879 1073 1955 ubique
1099 1887 1221 1957 per
1262 1884 1558 1941 essentiam
1598 1903 1780 1953 suam,
1824 1886 1989 1941 immo
2030 1892 2113 1941 est

93 1978 401 2021 zmmensus.

207 2097 406 2147 Status
449 2098 835 2159 quaestionis.
910 2093 1111 2150 Deum
1157 2111 1289 2151 esse
1332 2094 1535 2169 ubique
1575 2094 1867 2171 Significat
1908 2097 2105 2154 Deum

93 2176 398 2235 actualiter
439 2190 838 2253 praesentem
883 2198 1017 2239 esse
1059 2181 1140 2239 ad
1171 2182 1379 2239 omnia
1420 2193 1479 2241 et
1520 2182 1581 2240 in
1612 2183 1902 2254 omnibus
1948 2202 2101 2258 quae

91 2273 217 2321 actu
261 2264 578 2325 exsistunt.
640 2268 807 2327 Talis
837 2270 1188 2344 praesentia
1215 2270 1432 2329 dicitur
1459 2272 1755 2347 ubiquitas
1782 2273 1875 2329 vel
1918 2272 2100 2329 omni-

93 2354 449 2423 praesentia.

199 2452 406 2510 Deum
453 2471 591 2511 esse
635 2453 972 2513 immensum
1017 2456 1317 2531 significat
1345 2457 1541 2514 Deum
1585 2474 1722 2513 cum
1763 2464 1927 2515 tanta
1968 2476 2096 2531 per·

91 2538 345 2600 sectione
391 2542 684 2601 omnibus
740 2546 924 2603 rebus
987 2562 1120 2603 esse
1181 2554 1591 2619 praesentem,
1654 2555 1717 2602 ut
1776 2546 1963 2604 nullus
2022 2548 2095 2605 sit

87 2630 382 2701 possibilis
426 2633 619 2703 IocuS,
666 2634 834 2691 nulla
891 2632 1197 2708 possibilis
1253 2643 1493 2706 natura,
1554 2632 1765 2708 quibus
1807 2637 1998 2707 Deus,
2043 2637 2091 2695 si

89 2729 280 2777 creata
339 2720 448 2778 illa
486 2720 864 2795 ubicumque
909 2732 970 2780 et
1013 2732 1499 2798 quantacumque
1546 2720 1920 2795 exsisterent,
1966 2744 2087 2785 non

89 2817 235 2866 esset
274 2808 518 2868 intime·
541 2828 854 2885 praesens

193 2906 328 2964 Iam
371 2926 558 2978 ver0,
620 2925 761 2965 cum
806 2909 976 2966 Deus
1016 2926 1145 2965 non
1189 2906 1263 2965 sit
1304 2926 1543 2983 corpus,
1589 2926 1711 2967 non
1754 2922 1949 2986 potest
1988 2917 2085 2991 agi

83 2990 170 3051 hic
213 2994 330 3053 nisi
373 2996 457 3054 de
486 2996 838 3071 praesentia
865 2996 1174 3054 definitiva
1199 2997 1236 3053 ⁸.
1293 2998 1696 3056 Praesentiam
1737 3018 1880 3059 vero
1922 3000 2093 3064 illam'

85 3081 342 3159 theologi
388 3095 452 3143 et
494 3084 848 3161 philosophi
891 3084 1191 3162 triplicem
1234 3084 1629 3160 distinguunt:

201 3302 218 3333 ¹
257 3305 311 3354 S.
362 3306 564 3365 Thom„
605 3305 656 3356 S.
699 3304 861 3357 theol.
902 3308 942 3367 Ι,
983 3322 1031 3369 q.
1074 3315 1158 3369 25,
1200 3322 1243 3354 a.
1287 3314 1313 3368 5
1356 3304 1419 3354 ad
1465 3321 1505 3355 1.

193 3382 218 3414 2
255 3385 337 3435 Cf.
379 3402 544 3453 supra
581 3403 633 3451 p.
681 3396 800 3451 152.
952 3384 974 3415 ⁸
1013 3386 1091 3434 Cf.
1131 3385 1230 3433 vol.
1271 3386 1311 3446 I,
1352 3386 1497 3447 336..
