2367 3850
156 173 234 208 DE
277 174 474 222 MODO,
517 175 641 220 QUO
680 175 899 213 CORPUS
934 177 1006 213 ET
1040 177 1234 214 ANIMA
1268 177 1668 230 UNIUNTURIN
1697 179 1955 232 floumn.
2037 179 2134 226 129

243 341 268 377 1
281 366 294 379 .
346 322 591 380 Inutilis
640 330 727 381 est
765 323 977 398 forma
1017 326 1408 400 corporeitatis
1421 372 1439 396 ,
1499 327 1640 401 quia
1681 326 1884 385 anima
1923 325 2135 384 virtute

114 427 220 466 sua
278 411 570 470 continet
624 413 921 488 quidquid
977 414 1292 472 continent
1333 415 1563 474 formae
1607 415 1952 485 inferioreS,
2009 433 2136 473 non

116 499 367 558 exclusa
416 501 618 559 forma
661 501 1091 577 corporeitatiS.

240 608 297 646 2.
344 589 676 665 Perperam
726 592 1015 648 inducitur
1056 586 1204 666 (arg.
1256 587 1436 668 neg.).
1508 594 1686 650 Falso
1731 592 1892 651 enim
1934 611 1972 650 a
2013 610 2137 650 sco·

111 676 261 734 tistis
290 678 654 750 admittitur,
700 681 901 738 anima
930 680 1275 752 recedente,
1321 700 1567 740 manere
1597 699 1816 757 corpus
1845 680 2026 750 idem,
2071 687 2138 738 ut

114 775 341 841 corpus,
392 768 565 842 quod
596 779 724 826 erat
754 768 816 827 in
846 769 1185 845 composito
1214 770 1494 829 humano.
1563 769 1692 828 Etsi
1720 769 1881 828 enim
1921 787 2138 844 corpus

114 865 432 913 mortuum
470 875 582 931 per
625 859 873 932 aliquod
916 868 1151 934 tempus
1194 859 1378 917 habet
1433 860 1742 934 quandam
1798 857 2136 933 analogiam

116 963 255 1001 cum
286 963 561 1021 corpore
590 947 849 1019 vivente,
892 957 1117 1018 tamen,
1161 965 1227 1007 re
1255 948 1496 1024 penitus
1523 957 1856 1024 perspecta,
1889 946 2139 1005 omnino

116 1033 465 1092 destituitur
492 1035 689 1093 forma
706 1035 810 1094 illa
827 1037 1024 1108 unica,
1057 1053 1215 1111 quae
1237 1037 1432 1094 forma
1453 1035 1868 1113 corporeitatis
1889 1034 2138 1108 dicitur3

117 1122 165 1178 si
194 1121 459 1197 quidem
490 1124 639 1181 nihil
669 1123 831 1182 aliud
862 1135 951 1183 est
971 1125 1085 1183 nisi
1106 1124 1456 1200 aggregatio
1475 1127 1794 1183 multorum
1819 1141 2138 1200 corporum

116 1211 588 1270 accidentaliter
614 1213 769 1271 inter
806 1232 871 1272 se
908 1213 1230 1272 unitorum.
1304 1214 1579 1287 Quorum
1622 1214 1844 1271 unione
1888 1211 2141 1272 efficitur

116 1310 311 1358 totum
356 1301 695 1376 quoddam,
740 1302 906 1377 quod
949 1321 985 1360 a
1027 1314 1233 1362 mente
1275 1313 1338 1361 ut
1382 1303 1609 1377 aliquid
1652 1320 1836 1360 unum
1877 1302 2140 1360 substan-

116 1390 258 1446 tiale
305 1389 656 1466 concipitur
696 1401 758 1449 et
798 1391 1058 1450 termino
1102 1391 1423 1450 collectivo
1472 1393 1722 1466 corporis
1776 1391 1990 1448 mortui
2041 1388 2139 1446 de-

120 1478 417 1552 signatur.

242 1587 303 1640 3.
347 1569 633 1625 Destruit
656 1569 929 1638 unitatem
956 1569 1386 1626 substantialem
1414 1569 1670 1624 lzominis.
1731 1568 1950 1624 Forma
1978 1564 2138 1623 enim

123 1656 573 1731 corporeitatiS,
606 1675 681 1715 eo
710 1657 844 1732 ipso
875 1658 1041 1732 quod
1070 1658 1360 1715 materiae
1390 1657 1494 1714 dat
1523 1673 1652 1714 esse
1681 1653 2137 1713 determinatum

123 1763 369 1820 corpus,
419 1745 651 1804 inducit
679 1746 1070 1805 substantiam
1100 1747 1407 1821 quandam
1450 1754 1515 1803 ut
1557 1761 1774 1820 corpus
1818 1743 2140 1818 completam

122 1844 180 1891 et
236 1834 510 1909 proinde
568 1835 633 1891 in
687 1853 795 1892 sua
850 1833 1346 1893 substantialitate
1403 1831 1745 1891 distinctam
1802 1831 1879 1890 ab
1939 1829 2140 1888 anima

121 1922 429 1981 rationali.
516 1924 639 1983 Sed
696 1926 853 1983 inter
907 1926 1090 1983 talem
1148 1922 1540 1983 substantiam
1596 1932 1655 1980 et
1710 1919 1970 1979 animam
2015 1935 2139 1975 non

119 2014 236 2071 nisi
282 2013 681 2073 accidentalis
724 2012 869 2072 unio
914 2014 1159 2089 concipi
1201 2022 1418 2088 potest.

246 2144 617 2203 Notandum.
690 2145 820 2203 Etsi
849 2144 1194 2203 Concilium
1225 2143 1574 2202 Viennense
1614 2142 1872 2199 animam
1901 2138 2136 2197 unicam

126 2232 390 2291 sormam
420 2234 699 2310 corporis
728 2252 859 2293 esse
891 2252 1173 2309 expresse
1204 2251 1330 2290 non
1360 2232 1644 2303 declarat,
1688 2247 1803 2288 nec
1833 2228 1908 2286 de
1948 2228 2139 2283 forma

125 2323 553 2397 corporeitatis
586 2343 623 2381 a
653 2324 838 2381 Scoto
869 2322 1210 2398 excogitata
1238 2322 1518 2396 loquitur,
1553 2330 1754 2376 tamen
1783 2316 1907 2375 eius
1934 2313 2136 2381 verba,

125 2410 172 2467 si
193 2411 570 2486 simpliciter,
600 2423 665 2469 ut
686 2412 775 2470 fas
805 2421 910 2481 est,
943 2412 1339 2486 accipiuntur,
1368 2409 1530 2466 illam
1562 2408 1813 2464 formam
1843 2399 2140 2477 corporei-

126 2499 261 2557 tatis
307 2500 634 2559 exclude-re
678 2500 975 2558 videntur.
1062 2500 1281 2573 Neque
1324 2509 1528 2554 tamen
1573 2496 1674 2570 qui
1718 2495 1970 2552 formam
2014 2505 2140 2544 cor·

124 2588 440 2662 poreitatis
476 2588 918 2647 admittendam
964 2606 1094 2646 esse
1140 2586 1456 2655 censuerit,
1501 2585 1600 2642 ille
1643 2600 1714 2640 ex
1756 2579 1952 2639 verbis
1983 2576 2138 2633 Con-

128 2676 249 2734 cilii
310 2678 680 2735 Viennensis
740 2676 1080 2735 haereticus
1155 2672 1452 2732 declarari
1525 2670 1770 2747 poterit,
1845 2662 2138 2737 dummodo

126 2767 405 2823 admittat
436 2768 691 2823 animam
733 2767 1079 2823 rationalem
1108 2772 1226 2839 per
1264 2780 1323 2819 se
1363 2768 1419 2817 et
1457 2758 1826 2817 essentialiter
1865 2771 1976 2811 esse
2002 2749 2135 2849 for-

128 2874 282 2911 mam
310 2856 743 2913 substantialem
771 2854 1039 2929 corporis.
1102 2851 1224 2909 Sed
1261 2860 1404 2907 tunc
1434 2846 1742 2923 quomodo
1760 2837 2137 2918 philosophice

129 2961 261 3001 rem
305 2945 583 3019 explicet,
630 2944 762 3018 ipse
806 2943 1027 3001 videat.

254 3084 633 3135 corollarium
656 3070 715 3134 ‘1.
798 3074 966 3133 Unio
1019 3072 1176 3130 inter
1233 3068 1494 3127 animam
1551 3074 1608 3123 et
1651 3077 1867 3134 corpus
1908 3073 2032 3113 non
2073 3054 2135 3111 fit

132 3180 241 3236 per
286 3174 549 3221 mutuam
595 3164 1029 3233 conversionem,
1074 3161 1183 3219 sed
1227 3176 1336 3234 per
1378 3148 1941 3227 transformationem
1964 3145 1996 3201 ¹.

261 3342 279 3372 ¹
319 3344 400 3393 Cf.
440 3346 659 3395 Mera-ier
696 3346 729 3393 l.
773 3360 817 3394 c.
859 3361 909 3408 p.
952 3343 1054 3403 487
1098 3351 1147 3387 et
1188 3339 1308 3398 488.

246 3436 645 3486 Reinstadler,
679 3438 820 3477 Elem.
854 3434 1016 3485 philos.
1048 3432 1183 3472 schol.
1235 3430 1290 3467 II.
1785 3420 1816 3466 9
