2367 3850
291 193 359 241 66
728 204 1244 244 ANTHROPOLOGIA.
1308 205 1448 244 PARS
1489 206 1831 244 ANALY‘rreA.

1059 355 1393 404 Alimentus
1434 366 1494 404 11.

1060 459 1158 507 DE
1196 459 1488 510 IUDICIO.

605 577 640 645 ξ
684 593 728 631 1.
791 582 1006 630 Natura
1040 582 1233 632 iudicii
1268 582 1579 644 generatim
1618 581 1945 632 declaratur.

409 695 690 753 Diversas
729 696 1008 754 notiones
1049 697 1204 754 inter
1244 714 1307 755 se
1344 695 1772 770 componendo
1813 698 1909 755 vel
1939 695 2294 754 dividendo

289 801 458 842 mens
499 783 612 842 sibi
653 785 930 842 efformat
971 784 1254 842 iudicium
1272 831 1285 855 ,
1342 785 1510 860 quod
1551 785 1613 842 in
1660 784 1857 860 logica
1892 785 2295 844 definivimus

288 883 353 930 ut
406 873 507 930 sit:
577 881 734 930 actus
789 874 1095 931 intellectus
1148 874 1217 930 de
1269 874 1515 930 duarum
1570 874 1829 931 idearum
1884 876 2295 933 convenientia

289 963 384 1018 vel
415 964 799 1037 repugnantia
829 963 1265 1037 pronuntiantis
1293 964 1326 1019 ¹.

411 1051 511 1109 Ad
565 1049 849 1108 iudicium
907 1051 1345 1110 efformandum
1394 1051 1613 1110 scimus
1668 1051 1923 1128 requiri,
1980 1062 2046 1110 ut
2106 1071 2291 1110 mens

297 1149 352 1196 1⁰
393 1139 539 1197 duas
592 1139 870 1198 notiones
925 1139 1038 1198 sibi
1094 1151 1533 1215 repraesentet,
1596 1147 1655 1198 2⁰
1708 1141 1989 1200 notiones
2045 1141 2289 1200 deinde

289 1229 418 1286 illas
458 1229 613 1286 inter
653 1246 718 1287 se
758 1240 1096 1303 comparet,
1156 1238 1218 1303 3⁰
1258 1229 1524 1304 denique
1568 1230 1729 1287 circa
1788 1230 2287 1290 convenientiam

289 1319 383 1376 vel
426 1317 884 1394 repugnantiam
925 1317 1156 1376 inarum
1188 1319 1501 1376 notionum
1530 1319 1891 1395 pronuntiet.
1966 1321 2059 1377 Ex
2087 1320 2287 1378 tribus

290 1417 484 1464 autem
545 1405 657 1464 inis
717 1405 1026 1464 elementis
1085 1408 1447 1465 elementum
1510 1407 1760 1466 formale
1822 1407 2081 1468 diximus
2144 1427 2283 1466 esse

289 1495 834 1570 pronuntiationem
855 1495 892 1552 ⁸.

408 1584 804 1643 Materialiter
821 1583 1074 1659 proinde
1095 1583 1213 1642 iam
1235 1594 1565 1660 spectatum
1585 1584 1870 1644 iudicium
1898 1587 2281 1644 intellectuale

289 1675 386 1731 vel
401 1675 640 1750 proprie
665 1674 888 1742 deltam,
928 1674 1006 1732 de
1037 1692 1158 1748 quo
1188 1674 1288 1732 hic
1316 1675 1521 1749 agitur,
1566 1674 1945 1750 distinguitur
1987 1695 2021 1732 a
2049 1675 2282 1733 iudicio

290 1762 700 1838 apprehensivo
736 1780 831 1832 e0,
875 1761 1037 1837 quod
1069 1762 1352 1821 iudicium
1392 1764 1789 1822 intellectuale
1818 1775 2087 1822 versatur
2118 1764 2285 1821 circa

292 1852 448 1909 ideas
489 1851 732 1928 proprie
775 1851 996 1922 dictas,
1054 1850 1337 1910 iudicium
1383 1870 1527 1910 vero
1570 1853 2073 1929 apprehensivum
2122 1853 2287 1910 circa

288 1944 626 2000 sensatz'ones
665 1942 762 2000 vel
802 1942 1092 2017 imagines
1134 1942 1438 2000 sensiles.
1400 1942 1421 1974 ⁸
1494 1944 1824 2018 Praecipua
1866 1954 2065 2039 autem
2106 1942 2277 2000 diffe-

292 2031 483 2089 rentia
523 2030 818 2088 invenitur
859 2031 922 2087 in
963 2032 1263 2089 elemento
1292 2030 1565 2105 formali.

399 2187 434 2255 ἓ
474 2203 522 2241 2.
584 2191 943 2240 Elementum
981 2191 1211 2239 formale
1250 2191 1439 2241 iudicii
1476 2192 1793 2259 accuratius
1830 2192 2145 2255 inspicitur.

411 2304 511 2361 Ad
539 2315 809 2362 naturam
837 2304 1038 2362 iudicii
1065 2304 1477 2363 intellectualis
1500 2304 1977 2379 dignoscendam
2006 2306 2269 2365 maxime

291 2402 496 2451 nostra
553 2392 794 2451 interest
856 2393 1227 2468 perspicere,
1287 2394 1593 2467 quomodo
1646 2412 1817 2453 mens
1840 2396 1862 2428 ⁴
1921 2395 2269 2470 pronuntia-

291 2482 516 2540 tionem
556 2481 710 2540 inter
751 2482 896 2540 duas
938 2482 1102 2541 ideas
1144 2484 1434 2541 efformet.
1519 2485 1647 2541 Iam
1687 2500 1863 2543 vero:

417 2657 436 2689 ²
471 2660 585 2708 Vol.
625 2660 664 2719 Ι,
706 2672 790 2722 34.

413 2736 434 2768 ²
471 2740 520 2787 A
556 2739 879 2804 philosophis
917 2739 968 2787 in
1007 2742 1329 2789 contentione
1365 2740 1584 2805 ponitur,
1625 2751 1788 2789 utrum
1814 2741 2159 2806 apprehensio
2184 2742 2261 2791 vel

292 2820 648 2884 perspicientia
686 2820 1067 2869 convenientiae
1103 2821 1186 2869 vel
1216 2821 1683 2870 disconvenientiae
1706 2822 1907 2870 realiter
1932 2823 2265 2887 distinguatur

292 2916 321 2947 a
357 2900 766 2963 pronuntiatione
804 2901 1009 2949 mentali
1047 2917 1110 2949 an
1160 2902 1354 2949 ratione
1405 2910 1598 2950 tantum
1648 2902 1957 2951 ratiocinata.
2034 2903 2117 2951 De
2168 2904 2261 2951 hac

293 2996 347 3027 re
384 2980 572 3029 videsis
609 2982 832 3030 Boedder
864 2981 896 3030 l.
939 2998 982 3030 c.
1021 2998 1070 3045 p.
1119 2982 1219 3031 180
1256 2998 1365 3045 sqq.
1429 2982 1647 3031 Lehmen
1686 2982 1717 3032 l.
1760 2999 1801 3031 c.
1842 3000 1893 3048 p.
1935 2994 2037 3044 397
2080 3000 2155 3047 sq.

412 3058 434 3089 ⁸
471 3060 549 3109 Cf.
587 3061 687 3110 vol.
727 3062 766 3121 Ι,
808 3072 876 3122 34
913 3070 963 3109 et
1003 3071 1087 3124 35.

411 3138 433 3169 ⁴
470 3140 715 3189 Iudicium
752 3156 926 3189 revera
963 3157 1071 3190 esse
1109 3151 1275 3189 actum
1312 3142 1490 3191 mentis
1526 3142 1608 3190 vel
1647 3142 1927 3191 intellectus
1964 3158 1994 3189 a
2034 3143 2261 3191 Cartesio

287 3228 338 3267 et
375 3220 760 3270 Malebranchio
797 3230 1032 3284 negatum
1070 3230 1160 3282 est,
1202 3238 1314 3270 cum
1352 3221 1621 3283 affirmare,
1668 3238 1853 3286 negare
1872 3262 1883 3284 ,
1925 3222 2159 3271 dubitare
2196 3224 2263 3271 di-

289 3314 461 3348 versos
499 3302 677 3349 modos
727 3301 924 3349 volendi
969 3318 1080 3349 esse
1132 3302 1380 3351 duxerint.
1456 3302 1684 3363 Quorum
1736 3303 2034 3351 sententiam
2087 3304 2263 3351 falsam
2355 3310 2356 3333 ³

291 3392 396 3425 tisse
415 3417 427 3438 ‚
480 3380 670 3443 patebit
707 3395 768 3426 ex
808 3380 892 3440 iis,
948 3396 1076 3443 quae
1115 3383 1177 3429 de
1217 3380 1485 3429 voluntatis
1522 3382 1723 3430 obiecto
1760 3382 1991 3447 proxima
2040 3384 2262 3432 sectione
