2367 3850
35 4 867 56 mfflwwwt*
888 0 1127 34 ‘affl-*75²-
1154 0 1196 28 ν’
1221 0 1244 13 ··
1259 0 1275 16 -’
1297 23 1300 30 .

35 49 51 68 7..
311 48 320 57 .
366 39 383 52 ··.
414 47 447 54 .,,
482 39 497 52 ¹0
568 33 623 64 n-'
668 29 685 45 ·“·
716 39 719 42 ’
748 51 755 62 “
1128 33 1137 40 “

506 241 583 277 DE
622 241 1023 278 SIMPLICITATE
1064 241 1290 278 ANIMAE
1329 242 1636 280 HUMANAE.
1961 241 2056 291 117

76 388 326 463 quidem
370 409 499 449 non
540 389 654 449 nisi
695 409 832 448 cum
874 390 1269 449 fundamento
1311 389 1666 466 imperfecto
1722 390 1782 450 in
1839 409 1904 450 re
1965 393 2057 449 vel

80 477 259 536 etiam
304 479 438 538 sine
481 481 601 538 ullo
645 480 1037 539 fundamento
1080 478 1142 537 in
1185 497 1268 538 re.

194 570 272 625 In
334 568 538 644 priore
594 589 736 627 casu
795 569 949 627 inter
1008 577 1208 644 partes
1265 569 1556 628 habemus
1615 567 2058 628 distinctionem
2299 575 2313 645 fi

80 657 267 729 illam,
340 676 524 732 quam
584 658 835 716 diximus
890 657 951 716 in
1009 658 1316 732 ontologia
1371 658 1618 716 rationis
1670 657 2058 716 ratiocinatae

83 744 497 821 imperfectam
529 749 563 806 ¹.

198 837 275 894 In
314 837 506 895 altero
546 855 693 896 vero
736 855 873 895 casu
913 837 1214 895 distinctio
1243 847 1333 900 est
1359 835 1604 895 rationis
1632 835 2055 908 ratiocinantis,

86 943 219 983 cum
262 925 719 984 fundamentum
762 927 836 984 sit
892 927 1019 984 sola
1074 927 1383 984 nominum
1427 924 1750 984 diversitas
1804 926 1900 984 vel
1960 926 2060 983 ali·

88 1014 227 1088 qu‘id
269 1015 433 1073 aliud
462 1017 549 1074 rei
576 1017 756 1090 plane
787 1016 1201 1074 extrinsecum.
1258 1016 1421 1073 Talis
1451 1026 1538 1074 est
1566 1034 1618 1074 e.
1648 1033 1706 1090 g.
1736 1015 2055 1086 distincti0,

90 1122 237 1178 quae
282 1113 372 1163 est
411 1104 568 1162 inter
594 1104 851 1163 Tullium
896 1114 954 1162 et
982 1104 1361 1172 Ciceronem,
1405 1105 1560 1163 inter
1595 1104 1806 1162 Iudam
1850 1114 1910 1162 et
1948 1113 2058 1162 tra-

90 1193 337 1252 ditorem
382 1193 619 1252 Christi.

206 1283 329 1340 Iam
358 1301 505 1341 vero
534 1302 658 1341 non
690 1302 931 1342 omnem
961 1284 1461 1359 compositionem
1489 1282 1744 1358 partium
1764 1283 1841 1341 ab
1861 1281 2059 1340 anima

92 1371 343 1429 humana
388 1389 780 1447 removemus,
864 1373 1081 1449 Neque
1123 1372 1414 1450 imprimis
1457 1371 1718 1430 animam
1759 1371 2060 1448 metaphy-

94 1459 207 1519 sice
259 1461 657 1538 compositam
714 1481 843 1521 esse
900 1480 1206 1538 negamus.
1293 1464 1384 1520 Ex
1425 1461 1495 1519 iis
1535 1461 1726 1532 enim,
1785 1479 1939 1536 quae
1995 1459 2056 1518 in

94 1548 281 1623 priore
309 1561 481 1626 parte
510 1562 645 1610 sunt
674 1553 1005 1623 observata,
1038 1564 1097 1611 et
1126 1571 1200 1611 ex
1228 1551 1380 1610 thesi
1409 1552 1485 1610 de
1513 1549 1794 1610 unicitate
1822 1550 2056 1608 animae

96 1649 286 1714 aperte
328 1651 565 1699 constat
604 1641 666 1699 in
709 1642 907 1700 anima
936 1642 1198 1701 humana
1226 1659 1356 1700 esse
1389 1659 1441 1702 e.
1472 1660 1528 1718 g.
1561 1639 2058 1716 compositionem

98 1730 552 1805 metaphysicam
595 1749 669 1789 ex
710 1731 893 1790 tribus
935 1731 1091 1790 vitae
1141 1731 1442 1806 gradibus,
1525 1733 1718 1788 Immo
1773 1747 1918 1788 vero
1975 1745 2055 1786 ne

100 1816 391 1893 physicam
420 1820 665 1895 quidem
694 1820 1195 1897 compositionem
1225 1839 1438 1879 omnem
1468 1819 1847 1878 excludimus
1883 1818 2056 1877 Ultro

102 1905 247 1965 enim
287 1900 673 1969 concedimus
716 1909 976 1969 animam
1017 1911 1340 1970 humanam
1382 1907 1626 1987 physice
1657 1928 1786 1969 esse
1815 1923 2058 1982 compo-

104 1997 256 2055 sitam
296 2018 369 2058 ex
411 1999 670 2058 essentia
708 2003 804 2059 vel
846 2000 1171 2059 substantia
1213 2011 1272 2059 et
1314 2000 1750 2059 accidentibus:
1808 1999 1924 2056 alia
1964 2016 2058 2056 res

106 2096 183 2143 est
217 2086 335 2147 eius
378 2088 651 2162 essentia,
697 2108 791 2148 res
833 2089 984 2149 aliae
1026 2100 1161 2147 sunt
1205 2090 1329 2147 eius
1372 2089 1678 2148 facultates
1718 2089 1814 2146 vel
1851 2088 2057 2145 saltem

106 2174 211 2233 eius
249 2178 647 2252 operationes.
722 2179 883 2252 Quin
927 2180 1122 2250 etiam,
1168 2180 1217 2236 si
1260 2178 1705 2237 distinctionem
1752 2175 2059 2235 admiseris

110 2266 305 2323 realem
346 2267 503 2325 inter
541 2268 857 2326 essentiam
889 2278 947 2327 et
975 2268 1395 2340 exsistentiam,
1441 2287 1514 2326 ex
1540 2267 1630 2325 his
1661 2267 1888 2326 duabus
1917 2264 2059 2324 enti-

112 2353 297 2413 tatibus
339 2358 840 2432 compositionem
881 2358 943 2415 in
1000 2356 1202 2415 anima
1259 2376 1451 2433 pones
1510 2354 1854 2440 physicam?
1938 2354 2058 2413 Sed

112 2443 373 2518 quidquid
430 2454 520 2504 est
571 2445 649 2504 de
704 2446 819 2504 hac
875 2446 1283 2506 controversia
1307 2447 1344 2519 2,
1416 2464 1550 2504 cum
1613 2446 1871 2503 animam
1926 2444 2057 2501 sim-

112 2531 301 2605 plicem
343 2552 473 2593 esse
516 2534 768 2593 dicimus
787 2582 802 2608 ,
868 2536 946 2594 ad
989 2535 1115 2594 eius
1158 2536 1473 2594 essentiam
1530 2536 1623 2593 vel
1674 2534 2057 2592 substantiam

113 2623 473 2695 attendenteS,
506 2625 624 2683 hoc
653 2643 835 2683 unum
864 2625 1312 2684 contendimus:
1353 2624 1683 2683 Substantia
1709 2624 1806 2681 vel
1825 2624 2060 2680 essentia

114 2713 305 2769 animae
343 2713 630 2771 humanae
670 2716 863 2773 nullas
901 2715 1073 2773 habet
1097 2722 1302 2791 partes
1342 2714 1608 2790 physicas
1622 2758 1639 2783 ,
1701 2730 1874 2788 neque
1927 2714 2058 2769 inte·

109 2809 312 2870 grantes
352 2821 527 2878 neque
567 2805 970 2862 constitutivas.

210 2938 408 2989 Thesis
445 2940 724 3003 probatio.
808 2932 853 2988 I.
910 2931 1128 2988 Anima
1180 2932 1434 2987 humana
1488 2950 1601 2989 non
1654 2930 1822 2987 habet
1857 2936 2059 3003 partes

116 3016 381 3090 integrales
421 3020 518 3078 vel
574 3020 989 3095 quantitativas
1006 3066 1019 3090 ,
1066 3018 1101 3077 i.
1147 3038 1199 3078 e.
1244 3020 1332 3079 sui
1373 3020 1554 3095 ipsius
1611 3018 1942 3080 extensivas
1994 3017 2054 3074 in

120 3106 242 3164 loco.
283 3138 358 3147 -
400 3110 723 3167 Probatur:

220 3265 233 3296 ¹
268 3269 393 3318 Vide
429 3269 531 3317 vol.
559 3270 599 3329 1,
642 3282 762 3331 249.
790 3296 859 3305 ·—-
886 3270 1024 3318 Cave
1064 3270 1481 3334 compositionem
1519 3270 1736 3335 logicam
1776 3266 2056 3317 confundas

127 3359 213 3393 cum
243 3356 343 3397 toto
378 3349 565 3414 logico,
608 3351 673 3400 de
710 3367 811 3415 quo
848 3352 948 3399 vol.
987 3352 1028 3409 I,
1076 3350 1173 3399 182
1215 3350 1404 3399 dictum
1444 3358 1533 3398 est.

63 3448 67 3477 ι
219 3423 238 3455 ²
269 3428 345 3477 De
381 3430 479 3480 hac
516 3446 571 3478 re
609 3431 727 3480 vide
764 3432 865 3481 vol.
906 3432 945 3491 1,
989 3441 1088 3493 235
1130 3446 1240 3494 sqq.
1317 3468 1322 3473 .
