2367 3850
471 240 629 276 FINIS
670 239 924 276 ULTIMUS
966 240 1214 277 HOMINIS
1257 239 1735 276 DETERMINATUR.
1999 237 2096 288 139

68 387 226 446 tudo
269 387 389 446 illa
425 389 551 446 Dei
594 407 891 464 expressa.
963 386 1427 448 Perfectissimus
1468 386 1722 463 proinde
1766 386 1875 445 erit
1915 388 2098 445 homo

68 476 193 546 ille,
243 477 363 552 qui
396 489 593 549 curat,
635 488 701 536 ut
728 480 925 537 Deum
958 477 1069 536 sibi
1108 488 1410 554 proponat
1449 487 1755 552 tamquam
1795 477 2096 535 obiectum

70 565 445 626 intellectus
488 579 555 626 et
590 568 922 626 voluntatis
1002 566 1323 625 «Noverim
1364 577 1440 638 te,
1485 577 1547 624 ut
1588 585 1786 626 amem
1826 575 1884 624 te
1903 562 1952 623 1»
2027 567 2096 623 In

70 655 167 714 his
213 656 401 714 enim
448 657 685 716 duobus
728 655 993 716 consistit
1034 657 1159 715 eius
1201 655 1332 715 finis
1373 657 1636 725 ultimus,
1695 655 1774 714 de
1815 672 1937 729 quo
1978 654 2096 712 iam

71 755 387 820 superest,
438 755 503 802 ut
548 747 837 803 nonnulla
878 745 1117 804 maximi
1159 745 1449 804 momenti
1491 745 1881 803 declaremus.

927 1019 1153 1081 LIBER
1199 1033 1299 1082 111.

455 1159 583 1221 DE
630 1159 939 1224 CAUSA
984 1159 1297 1223 FINALI
1344 1157 1745 1224 HOMINIS.

967 1336 1172 1378 CAPUT
1215 1336 1253 1377 I.

195 1442 437 1500 FINIS
480 1443 850 1502 ULTIMUS
892 1404 1250 1502 HOMINIS
1292 1441 1987 1500 DETERMINATUR.

214 1582 667 1633 Praenotiones.
731 1572 941 1632 Finem
994 1575 1264 1633 ultimum
1317 1574 1649 1650 generatim
1705 1572 1920 1632 scimus
1967 1589 2096 1630 esse

84 1662 283 1732 illum,
320 1662 411 1720 ad
431 1681 613 1737 quem
633 1663 729 1726 alii
752 1664 901 1722 fines
930 1663 1294 1734 ordinantur,
1327 1681 1462 1721 cum
1492 1662 1619 1739 ipse
1648 1662 1726 1720 ad
1753 1661 2096 1720 ulteriorem

88 1770 221 1809 non
270 1751 614 1810 ordinetur.

218 1840 458 1916 Agitur
511 1859 656 1900 vero
697 1842 795 1900 hic
834 1861 962 1900 non
1004 1842 1081 1900 de
1121 1843 1242 1900 fine
1283 1841 1490 1899 ultimo
1531 1839 1789 1899 hominis
1831 1851 2094 1910 extern0,

92 1948 291 2005 quem
334 1930 409 1987 in
450 1931 754 2006 theologia
794 1931 1045 1990 naturali
1085 1932 1353 1990 dicemus
1395 1948 1524 1990 esse
1565 1930 1816 2005 gloriam
1845 1930 1963 1989 Dei
2005 1948 2100 1988 ex-

92 2020 460 2091 trinsecam,
504 2020 613 2079 sed
653 2020 731 2079 de
771 2022 890 2080 fine
932 2020 1191 2079 hominis
1231 2021 1438 2079 ultimo
1481 2022 1722 2089 interne,
1766 2018 1828 2077 id
1871 2028 1975 2090 est,
2021 2018 2096 2076 de

94 2110 241 2179 fine,
293 2108 408 2183 qui
448 2109 512 2166 in
551 2109 682 2184 ipso
722 2110 966 2169 homine
1008 2111 1152 2168 nulli
1195 2109 1294 2168 alii
1335 2108 1755 2168 subordinatur
1783 2108 1815 2167 ¹.

226 2198 445 2271 Quem
493 2198 673 2257 finem
726 2199 995 2257 ultimum
1050 2199 1149 2258 hic
1191 2199 1541 2276 inquirimus
1596 2199 1918 2256 naturalem
1972 2199 2099 2256 abs-

97 2286 419 2345 trahendo
456 2286 681 2346 scilicet
721 2289 797 2347 ab
840 2288 1053 2347 ordine
1095 2288 1542 2364 supernaturali,
1587 2286 1664 2345 ad
1695 2305 1874 2362 quem
1915 2288 2098 2345 homo

100 2376 182 2434 de
216 2376 391 2433 facto
421 2377 681 2435 elevatus
711 2388 813 2447 est,
860 2376 941 2434 ita
970 2387 1031 2435 ut
1058 2377 1369 2435 activitatis
1398 2386 1458 2435 et
1485 2376 1834 2435 evolutionis
1863 2384 2099 2434 nostrae

101 2465 283 2522 illum
340 2474 571 2523 tantum
625 2466 943 2525 terminum
998 2467 1264 2525 ultimum
1323 2465 1798 2537 consideremuS,
1855 2464 1958 2539 qui
2013 2474 2101 2523 est

102 2554 454 2612 secundum
495 2554 649 2613 vires
692 2566 751 2613 et
779 2556 1105 2631 exigentias
1132 2565 1377 2615 naturae
1406 2556 1719 2613 humanae.
1792 2556 1919 2612 Iam
1956 2571 2098 2613 vero

84 2644 286 2716 finem
329 2644 491 2699 illum
519 2646 579 2701 in
607 2647 885 2703 communi
921 2643 1137 2704 scimus
1166 2645 1489 2703 consistere
1519 2646 1580 2701 in
1608 2644 1926 2703 universali
1961 2644 2100 2701 bono

104 2732 357 2789 realiter
410 2735 795 2808 consequendo,
882 2734 1276 2810 Compertum
1332 2734 1492 2793 enim
1535 2735 1824 2793 habemus
1866 2751 1994 2791 esse
2038 2730 2099 2790 in

104 2821 365 2879 homine
423 2823 750 2881 naturalem
803 2822 1171 2882 tendentiam
1227 2823 1290 2881 in
1339 2824 1565 2881 bonum
1620 2823 1951 2881 universale
1969 2868 1981 2892 ‚
2039 2833 2102 2879 ut

108 2911 175 2967 in
207 2908 395 2984 ipsius
422 2911 605 2969 finem
624 2911 891 2969 ultimum
918 2908 997 2987 (p.
1024 2907 1140 2987 72).
1190 2912 1300 2971 Cui
1320 2912 1606 2989 appetitui
1627 2912 2099 2987 correspondere

109 2998 308 3056 debet
324 3008 629 3074 tamquam
648 3001 931 3059 terminus
949 3002 1067 3059 hoc
1085 3002 1312 3060 bonum
1334 3001 1569 3060 realiter
1591 3001 2097 3075 consequendum,

112 3105 265 3145 cum
304 3087 620 3147 universali
649 3088 995 3149 inductione
1026 3100 1260 3149 constet
1286 3091 1348 3148 in
1376 3108 1600 3166 genere
1627 3091 1846 3148 nullum
1873 3100 2099 3147 motum

112 3186 373 3234 naturae
426 3196 555 3237 esse
610 3178 853 3237 inanem
873 3180 894 3213 ²
946 3198 1144 3255 neque
1203 3180 1515 3256 quisquam
1561 3179 1717 3237 serio
1760 3179 1836 3237 de
1878 3179 1994 3237 hac
2033 3196 2100 3237 re

115 3264 398 3324 dubitare
450 3266 651 3341 possit.
736 3270 1051 3327 Praeterea
1096 3270 1382 3327 creatoris
1423 3267 1631 3327 mundi
1673 3267 1998 3343 sapientiae
2041 3277 2101 3325 et

260 3422 275 3453 ¹
316 3424 387 3474 Cf.
426 3427 525 3475 vol.
566 3428 607 3488 1,
650 3440 752 3489 310
790 3438 841 3477 et
882 3441 1001 3491 311.
1150 3426 1171 3457 ²
1211 3429 1341 3476 Ibid.
1390 3429 1486 3476 166
1526 3436 1576 3475 et
1621 3428 1734 3487 167.
