2367 3850
843 213 922 250 DE
962 214 1235 252 seram-m
1274 215 1388 253 nm.
2008 216 2108 269 235

233 357 308 416 C.
369 368 698 418 Conclusio.

241 485 290 522 1.
337 466 634 538 Quaestio
676 467 776 525 illa
819 467 896 526 de
941 467 1148 526 medio
1192 469 1555 543 cognitionis
1584 471 1701 528 Dei
1738 472 1943 528 intime
1972 491 2110 529 con-

107 555 326 612 ectitur
369 573 510 612 cum
554 555 834 614 doctrina
875 557 954 615 de
1014 557 1435 632 praemotione
1490 559 1756 635 physica.
1842 560 2109 618 Eaedem

105 643 372 717 proinde
403 643 828 704 conclusiones
857 645 958 704 hic
988 645 1385 706 stabiliendae
1415 658 1566 720 sunt,
1612 667 1759 724 quas
1786 649 1902 706 iam
1933 668 2111 724 supra

109 732 376 791 eruimus
407 734 442 792 ¹.
474 727 479 730 ’
529 734 602 792 Id
646 744 766 793 est:

229 816 287 896 a)
333 823 475 896 Qua
520 833 612 881 est
652 823 1063 882 imbecillitate
1107 845 1280 884 mens
1321 827 1597 898 humana,
1647 828 1797 886 haec
1839 829 2109 902 quaestio

107 929 246 968 cum
267 911 630 970 certitudine
651 933 688 970 a
707 914 886 971 nobis
914 913 1293 990 philosophis
1322 917 1472 973 solvi
1498 934 1627 973 non
1655 933 1830 990 posse
1858 917 2105 975 videtur.

229 995 294 1074 b)
339 1003 656 1059 Sententia
683 997 1025 1061 thomistica
1062 1004 1245 1062 nobis
1283 1002 1518 1062 videtur
1558 1022 1688 1063 esse
1730 1005 1943 1076 verior,
1986 1024 2109 1063 mo-

108 1088 441 1148 linistarum
483 1089 804 1163 sententia,'
848 1092 1021 1150 cordi
1063 1093 1318 1151 suavior.

227 1173 282 1253 c)
340 1180 502 1238 Cum
544 1181 822 1239 Ecclesia
862 1192 1138 1240 neutram
1181 1181 1540 1241 sententiam
1583 1179 1984 1254 damnaverit,
2032 1202 2105 1241 ex

109 1278 360 1342 utraque
423 1287 572 1328 vero
633 1279 806 1345 parte
867 1270 1356 1346 probabilitatem
1417 1272 1813 1330 extrinsecam
1885 1272 2107 1330 habeas

109 1375 422 1432 magnam:
469 1377 630 1434 quae
661 1359 770 1418 tibi
798 1359 990 1434 magis
1019 1360 1329 1435 placuerit,
1374 1361 1537 1418 illam
1566 1360 1914 1436 opinionem
1946 1363 2109 1420 bona

109 1466 244 1504 cum
287 1467 445 1523 pace
490 1458 718 1507 teneaS.

227 1531 290 1610 d)
336 1537 694 1595 Notandum
735 1546 826 1596 est
867 1536 968 1595 hic
1011 1555 1136 1595 non
1179 1537 1280 1613 agi
1320 1537 1398 1596 de
1440 1539 1768 1595 exsistentia
1821 1539 2107 1597 libertatis

109 1625 406 1684 humanae
447 1645 569 1684 nec
612 1626 690 1684 de
734 1625 1121 1700 quaestione,
1184 1646 1265 1683 an
1320 1626 1570 1687 scientia
1610 1627 1727 1686 Dei
1782 1627 1860 1685 ad
1916 1628 2106 1685 futura

109 1713 298 1772 libera
335 1732 473 1790 sese
518 1714 820 1773 extendat.
908 1715 1064 1772 Nam
1109 1715 1352 1773 aliunde
1395 1725 1561 1774 certo
1604 1726 1837 1774 constat
1890 1725 1951 1774 et
2004 1717 2105 1773 ho-

113 1803 333 1860 minem
376 1821 528 1862 esse-
554 1803 811 1862 liberum
855 1813 916 1862 et
950 1806 1146 1862 Deum
1190 1803 1412 1875 omnia,
1457 1804 1587 1879 ipsa
1629 1821 1871 1879 quoque
1915 1805 2106 1861 futura

111 1891 315 1964 libera,
358 1894 634 1969 perfecte
679 1911 1072 1969 cognoscere.
1131 1893 1276 1952 *Sed
1319 1893 1511 1969 agitur
1552 1901 1778 1952 tantum
1818 1893 1886 1951 de
1924 1894 2101 1962 mode,

111 2001 216 2055 quo
271 1985 439 2041 Deus
497 1994 665 2041 actus
721 1993 962 2041 nostros
1021 1982 1243 2041 liberos
1300 1982 1628 2057 cognoscit.
1714 1982 1851 2055 Qua
1906 1984 1983 2040 de
2038 2000 2103 2041 re

111 2071 221 2128 alia
265 2083 355 2130 est
392 2072 694 2131 sententia
722 2071 1160 2143 thomistarum,
1206 2071 1324 2129 alia
1352 2070 1628 2130 doctrina
1655 2071 2099 2129 molinistarum.

224 2164 386 2219 Tota
425 2155 576 2219 vero
620 2160 942 2219 difficultas
998 2160 1062 2218 in
1118 2160 1501 2219 concilianda
1554 2159 1823 2226 libertate
1884 2168 2104 2218 creatu-

112 2268 306 2308 rarum
367 2269 509 2309 cum
571 2250 998 2308 infallibilitate
1059 2249 1453 2325 praevisionis
1511 2249 1750 2307 divinae
1810 2248 2101 2322 originem

113 2338 289 2397 habet
329 2358 403 2397 ex
447 2339 813 2415 imperfecto
858 2349 1068 2397 nostro
1109 2339 1299 2397 modo
1355 2336 1739 2412 concipiendi
1794 2334 2101 2394 scientiam

113 2438 434 2487 aeternam.
525 2429 702 2501 Quae
747 2428 1068 2487 difficultas
1111 2437 1515 2497 evanesceret,
1558 2426 1605 2483 si
1647 2426 1921 2484 distincte
1964 2442 2101 2484 con-

115 2517 311 2590 cipere
351 2534 670 2592 possemus
725 2517 1106 2575 intuitionem
1165 2515 1341 2575 futuri
1394 2526 1697 2590 tamquam
1755 2512 2099 2589 praesentiS,

115 2676 262 2724 tentia
301 2678 456 2726 docet
493 2678 662 2725 futura
699 2677 862 2726 libera
901 2677 1145 2741 cognosci
1183 2678 1237 2725 in
1276 2676 1437 2725 causis
1475 2675 1576 2723 suis
1613 2673 1868 2739 proximis,
1916 2688 2098 2736 nempe

116 2756 160 2803 in
197 2754 326 2821 ipsis
363 2757 714 2806 voluntatibus
755 2756 955 2806 creatis.
1029 2756 1159 2805 Cum
1196 2754 1332 2805 enim
1369 2756 1510 2804 Deus
1549 2754 1637 2801 has
1674 2754 1955 2801 voluntates
1991 2768 2098 2815 per-

113 2837 372 2887 fectissime
408 2847 713 2902 perspectas
751 2838 968 2897 habeat,
1011 2844 1380 2900 consequenter
1418 2834 1689 2885 certissime
1727 2834 1873 2882 etiam
1912 2848 2097 2895 cogno-

116 2926 239 2977 scet,
288 2917 416 2982 quid
449 2918 669 2968 eaedem
706 2918 758 2965 in
797 2918 1013 2967 diversis
1052 2916 1302 2969 adiunctis
1340 2915 1591 2963 electurae
1630 2922 1844 2962 essent.»
1889 2938 1955 2945 —-
1996 2912 2096 2959 Sed

115 2996 233 3045 haec
267 2996 524 3047 sententia
561 2999 764 3047 videtur
800 3013 908 3046 rem
947 2996 1302 3062 explicandam
1342 3010 1443 3043 non
1478 2994 1598 3042 satis
1622 2992 1881 3055 attingere.
1934 2991 2095 3053 Quae-

117 3076 232 3125 ritur
267 3077 422 3137 enim,
466 3094 693 3141 quonam
730 3078 902 3127 medio
941 3077 1030 3125 illa
1073 3076 1229 3124 «ratio
1266 3074 1519 3123 sufficiens
1558 3072 1796 3135 cuiusque
1834 3070 2095 3120 electionis

116 3155 294 3205 liberae
331 3157 530 3207 ultimis
567 3158 778 3208 latebris
816 3155 1092 3206 voluntatis
1131 3155 1461 3205 delitescens»
1506 3170 1536 3201 a
1570 3152 1701 3211 Deo,
1741 3150 1885 3198 huius
1922 3150 2094 3199 volun-

116 3237 220 3285 tatis
255 3246 514 3299 creatore,
557 3247 913 3303 cognoscatur.
991 3235 1335 3301 Cognoscitne
1374 3249 1484 3281 eam
1524 3233 1575 3280 in
1613 3232 1817 3279 decreto
1855 3246 1973 3279 suae
2010 3246 2092 3277 vo-

117 3315 306 3366 luntatis
345 3333 656 3368 concursum
692 3316 1191 3382 praedeterminante
1229 3331 1293 3361 an
1320 3313 1371 3361 in
1399 3312 1551 3377 ipsius
1576 3310 1785 3360 veritate
1811 3310 2090 3359 obiectiva?

229 3394 245 3426 ¹
285 3397 364 3447 Cf.
406 3414 563 3462 supra
601 3414 651 3462 p.
695 3410 815 3461 223.
