2367 3850
701 225 776 260 DE
807 225 1189 263 maGUMEN'ns
1230 223 1502 262 PHYsrcm.
1990 213 2081 264 181

111 389 254 431 nem
296 373 582 433 eruimus:
629 375 793 449 Ergo
835 372 1090 433 mundus
1133 383 1367 433 creatus
1394 383 1483 433 est
1524 372 1602 432 ab
1644 384 1781 433 ente
1822 375 2085 448 quodam

115 481 148 518 a
187 479 251 520 se
295 462 630 522 exsistente.

229 551 591 611 Formaliter
643 570 788 611 vero
807 597 822 623 ,
880 563 1055 627 prout
1099 563 1191 611 est
1246 561 1658 628 argumentum
1714 551 2087 612 exsistentiae

115 640 246 711 Dei,
291 640 376 699 sic
421 642 762 700 conficitur:

229 729 308 787 In
347 731 454 788 hoc
490 731 816 808 aspectabili
850 731 1057 790 mundo
1085 732 1339 789 »eximius
1378 731 1517 790 ordo
1558 730 1808 806 effulget.

231 820 382 878 Esse
425 820 700 879 ordinem
742 819 804 880 in
846 819 1072 879 mundo
1089 865 1103 892 ,
1159 839 1255 880 res
1296 820 1523 879 scilicet
1572 820 1903 880 mundanas
1958 839 2087 879 esse

115 918 250 982 apte
290 909 611 986 dispositas
653 909 730 968 ad
772 921 968 969 certos
1010 911 1174 981 fines,
1224 911 1285 968 in
1324 911 1517 968 multis
1554 909 1867 969 manifeste
1914 909 2089 969 nobis

119 1009 379 1072 apparet,
424 1009 490 1057 ut
529 999 593 1057 in
635 999 1004 1074 cosmologia
1023 997 1039 1029 ¹
1086 998 1468 1058 ostendimus.

231 1087 338 1147 Est
380 1099 581 1147 autem
625 1087 775 1148 ordo
807 1088 923 1159 ille,
970 1088 1078 1149 etsi
1107 1087 1675 1165 complicatissimuS,
1722 1098 1921 1147 tamen
1950 1105 2089 1146 con-

119 1177 518 1249 stantissimus,
560 1178 745 1237 immo
788 1177 1250 1251 sublimissimus
1294 1187 1358 1236 ut
1386 1196 1459 1237 ex
1496 1177 1866 1252 cosmologia
1907 1177 2046 1236 item
2069 1177 2089 1213 ²

120 1277 378 1341 apparet.

231 1356 449 1431 Neque
510 1356 832 1433 quicquam
888 1358 1089 1416 valent
1144 1375 1300 1432 quae
1362 1356 1439 1414 ab
1488 1356 1839 1416 adversariis
1882 1366 2091 1414 contra

123 1445 518 1504 exsistentiam
559 1446 729 1504 huius
773 1444 997 1505 ordinis
1039 1445 1378 1504 obiciuntur
1397 1446 1437 1505 ⁸.

235 1533 353 1592 Sed
371 1535 515 1593 ordo
542 1542 660 1592 tam
679 1537 917 1593 eximius
944 1535 1190 1610 requirit
1204 1535 1587 1594 ordinatorem
1605 1535 2085 1612 sapientissimum.

232 1624 594 1682 Exsistentia
635 1625 796 1683 enim
823 1625 993 1682 huius
1022 1623 1247 1683 ordinis
1287 1625 1470 1684 debet
1508 1624 1732 1683 habere
1775 1624 2084 1696 rationem,

126 1711 384 1787 eamque
413 1712 802 1788 sufficientem.
879 1714 1000 1773 Sed
1054 1714 1217 1772 nulla
1272 1714 1386 1772 alia
1439 1713 1609 1772 huius
1659 1713 1744 1773 rei
1786 1713 1936 1772 ratio
1978 1712 2089 1771 suf-

127 1801 319 1860 ficiens
381 1803 582 1861 afferri
637 1813 832 1879 potest
890 1803 1004 1862 nisi
1058 1803 1395 1862 exsistentia
1454 1802 1808 1863 ordinatoris
1863 1802 2091 1878 sapien·

126 1890 318 1950 tissimi
360 1890 533 1951 huius
573 1892 798 1952 mundi.
871 1892 1101 1953 Omnes
1143 1892 1302 1952 enim
1332 1891 1482 1952 aliae
1525 1891 1897 1969 hypotheseS,
1943 1909 2089 1967 quas

127 1979 196 2037 ad
235 1982 531 2041 rationem
573 1982 735 2041 illam
777 1983 1168 2043 sufficientem
1211 1982 1628 2059 explicandam
1675 1980 2088 2041 materialistae

126 2070 632 2146 excogitaverunt,
689 2091 872 2131 vanas
928 2090 1056 2131 esse
1098 2073 1195 2131 vel
1237 2072 1554 2143 absurdaS,
1616 2070 1680 2129 in
1722 2070 2091 2146 cosmologia

128 2160 512 2232 ostendimus,
570 2161 685 2220 hac
728 2180 874 2220 vero
915 2161 1231 2237 hypothesi
1274 2161 1477 2220 omnia
1519 2161 1742 2237 optime
1786 2160 2086 2235 explicari,

128 2249 273 2308 clai-e
315 2250 726 2325 perspeximus
743 2252 780 2308 ⁴.

236 2339 406 2412 Ergo
445 2340 670 2397 cxsish't
703 2335 873 2397 lulius
912 2339 1112 2397 mundi
1148 2340 1451 2398 ordinator
1488 2341 1940 2415 sapientissimus.

234 2428 353 2485 Est
390 2436 579 2486 autem
618 2428 710 2486 llic
746 2446 939 2487 rerum
992 2430 1238 2486 omnium
1288 2430 1586 2487 ordinator
1638 2447 1751 2486 non
1791 2428 1969 2486 solum
2009 2434 2090 2485 ut-

130 2532 340 2591 cumque
381 2518 839 2591 saptentissimus,
882 2519 984 2575 sed
1016 2526 1233 2576 infinite
1270 2519 1707 2593 sapientissimus
1738 2524 1805 2574 ut
1828 2536 1924 2574 ens
1951 2536 1989 2573 a
2015 2534 2087 2576 se.

237 2606 476 2665 Etenim
535 2606 844 2666 ordinator
907 2625 1133 2665 summe
1195 2606 1547 2681 intellegens
1607 2606 1775 2665 huius
1834 2606 2090 2665 universi

129 2696 214 2752 vel
251 2696 436 2754 habet
465 2714 706 2755 causam
733 2696 822 2754 sui
849 2697 944 2754 vel
985 2714 1110 2754 non
1138 2696 1336 2755 habet.
1397 2696 1457 2753 Si
1486 2713 1611 2754 non
1639 2695 1822 2754 habet
1850 2714 2089 2754 causam

133 2784 234 2854 sui,
291 2785 404 2843 erit
446 2804 554 2844 ens
596 2804 633 2842 a
674 2804 736 2845 se
780 2795 840 2844 et
880 2785 1134 2861 proinde
1181 2785 1408 2844 infinite
1458 2786 1789 2861 perfectus3
1845 2784 1892 2843 si
1945 2803 2091 2843 vero

131 2872 296 2932 habet
337 2892 582 2933 eausam
623 2874 711 2933 sui
754 2874 1191 2950 perfectiorem,
1236 2875 1312 2933 de
1341 2875 1455 2933 hac
1498 2874 1707 2933 iterum
1750 2876 1851 2932 fiet
1878 2872 2091 2933 eadem

133 2963 464 3061 suppositiO‚
523 2964 720 3022 donec
763 2962 1149 3022 deveniamus
1192 2964 1270 3022 ad
1312 2981 1652 3040 supremum
1708 2962 2088 3034 intellectum,

133 3051 221 3124 qui
262 3052 334 3111 sit
391 3070 498 3111 ens
547 3072 584 3111 a
625 3072 689 3112 se
743 3051 1005 3128 ideoque
1062 3071 1241 3111 causa
1294 3052 1619 3111 ordinatrix
1675 3050 1843 3110 huius
1884 3051 2091 3110 mundi

133 3138 341 3200 infinite
387 3142 835 3217 sapientissima.

244 3333 259 3365 ¹
296 3336 412 3386 Vol.
454 3337 494 3398 1,
537 3350 640 3403 390
677 3343 730 3385 et
768 3347 885 3398 391.
1034 3333 1054 3365 ²
1091 3336 1207 3386 Vol.
1246 3337 1285 3397 Ι,
1328 3349 1427 3399 392
1468 3354 1577 3401 sqq.

183 3452 189 3461 .
242 3414 263 3446 ⁸
299 3416 376 3466 Cf.
418 3417 517 3467 vol.
558 3418 596 3478 1,
639 3428 757 3481 391,
798 3433 846 3467 n.
890 3428 936 3467 2.
1084 3415 1104 3445 ⁴
1145 3416 1223 3465 Cf.
1262 3416 1363 3466 vol.
1401 3418 1442 3476 I,
1480 3416 1779 3478 401—408.
