2367 3850
1644 31 1786 42 s--—--
1835 31 1912 39 —oo

491 190 567 226 DE
604 191 1059 229 OPERATIONIBUS
1099 191 1274 229 VITAE
1312 192 1733 230 VEGETATIVAE.
2054 193 2112 244 15

119 337 471 395 mechanici
524 340 618 396 vel
672 338 1219 415 physico-chemici.
1306 339 1709 415 Operationes
1763 341 1927 399 enim
1980 340 2117 398 illae

117 443 350 484 omnes
377 427 703 486 mutatione
744 428 922 486 locali
954 429 1049 487 vel
1091 427 1443 487 alteratione
1473 430 1568 488 vel
1596 427 2119 488 transformatione

114 514 212 572 rei
276 532 605 591 corporeae
647 517 1051 576 absolvuntur.
1137 517 1354 593 Neque
1406 518 1730 594 quicquam
1784 517 1847 575 in
1896 516 2119 575 viribus

112 605 476 679 vegetativis
516 606 900 666 observatum
942 616 1048 677 est,
1092 605 1259 682 quod
1287 626 1325 664 a
1350 605 1814 684 proprietatibus
1842 623 2121 682 corpora·

113 692 288 752 libus
327 694 399 753 sit
423 695 691 756 immune
731 697 829 755 vel
861 715 897 754 a
925 694 1176 754 materia
1204 695 1639 773 independens
1698 697 1847 754 Sunt
1873 695 2121 770 quidem

113 782 184 840 in
233 785 580 859 organismo
623 785 916 861 speciales
958 785 1277 862 quaedam,
1321 784 1401 846 de
1438 785 1652 862 quibus
1694 803 1874 860 supra
1914 779 1997 860 (p.
2048 801 2117 856 13

111 882 179 930 et
235 867 332 948 14)
373 874 630 932 diximus
646 919 661 946 ,
721 874 1189 950 compositiones
1232 873 1542 934 chemicae
1584 885 1708 932 tam
1751 874 2119 950 complexae,

113 971 186 1018 ut
233 973 361 1022 arte
415 964 680 1022 humana
736 963 895 1022 effici
951 982 1078 1022 non
1133 962 1396 1039 possint3
1452 962 1921 1039 compositiones
1974 979 2123 1020 vero

111 1051 260 1110 illas
303 1054 400 1110 vel
441 1052 601 1111 vires
641 1054 791 1111 tales
849 1070 980 1113 esse
994 1067 1012 1125 ,·
1067 1063 1133 1111 ut
1188 1051 1305 1111 sint
1359 1063 1525 1112 extra
1566 1051 1856 1110 ambitum
1910 1051 2121 1108 virium

115 1141 546 1213 materialium,
593 1161 628 1200 a
657 1141 901 1201 nemine
931 1141 1215 1200 affirmari
1244 1150 1457 1218 potest,
1498 1141 1685 1200 immo
1714 1151 1927 1199 contra
1952 1139 2125 1198 ratio·

113 1246 268 1288 nem
328 1229 743 1290 affirmaretur.
828 1233 899 1288 In
956 1230 1237 1290 omnibus
1293 1230 1453 1290 enim
1512 1229 1953 1288 evolutionibus
2006 1229 2125 1286 suis

113 1319 379 1378 materia
421 1319 770 1396 organizata
787 1365 800 1390 ,
858 1337 982 1378 non
1026 1319 1223 1378 minus
1278 1338 1352 1378 ac
1404 1319 1656 1378 materia
1696 1319 1870 1377 bruta
1886 1362 1899 1387 ,
1956 1327 2123 1375 certo

116 1408 254 1483 regi
298 1408 539 1468 videtur
595 1409 829 1467 duobus
885 1408 998 1467 illis
1039 1407 1381 1484 principiiS,
1441 1426 1697 1483 quorum
1753 1408 2001 1464 alterum
2046 1405 2123 1464 de

125 1497 512 1556 «constantia
553 1497 876 1556 materiae»
901 1544 914 1569 ,
972 1498 1226 1555 alterum
1266 1497 1344 1556 de
1393 1497 1762 1555 «constantia
1804 1494 2118 1569 energiae»

119 1586 306 1644 totius
338 1586 550 1645 mundi
579 1586 900 1646 materialis
929 1603 1078 1659 esse,
1123 1605 1199 1644 ex
1231 1585 1406 1645 dictis
1446 1586 1508 1644 in
1552 1583 1925 1658 cosmologia
1966 1601 2126 1641 corn·

121 1686 372 1750 pertum
411 1677 704 1735 habemus
727 1677 762 1734 ¹.

120 1870 184 1901 zu
223 1854 527 1918 Krystallen
577 1854 794 1905 ordnen.
869 1851 1016 1903 Aber
1066 1854 1150 1903 nie
1202 1853 1331 1901 wird
1368 1868 1423 1901 es
1474 1852 1566 1900 der
1604 1850 1812 1900 Chemie
1863 1849 2121 1914 gelingen,

119 1937 239 1984 eine
278 1934 424 1985 Zelle
440 1974 452 1995 ,
501 1936 619 1985 eine
657 1935 1027 1995 Muskelfaser,
1077 1935 1231 1985 einen
1267 1934 1408 1983 Nerv
1446 1933 1497 1982 in
1538 1932 1701 1981 ihrem
1738 1930 2124 1980 Laborntorium

119 2016 501 2065 darzustellen»
547 2013 775 2081 (Lieszg'‚
823 2015 1129 2065 Chemische
1166 2014 1333 2063 Briefe
1372 2015 1425 2073 Ι,
1468 2012 1589 2076 356.
1630 2008 1778 2075 357).
1856 2010 1933 2060 Cf.
1973 2010 2123 2058 etiam

119 2097 278 2145 Pescla
316 2096 352 2145 1.
394 2113 436 2146 c.
477 2097 518 2157 1,
559 2109 646 2157 49.
709 2097 998 2159 Vtgvuroaeax
1033 2096 1066 2145 l.
1108 2110 1152 2144 c.
1194 2112 1244 2159 p.
1287 2095 1405 2157 263.
1450 2094 1569 2153 264.

254 2175 274 2206 ¹
317 2178 433 2225 «Au
471 2177 551 2225 fur
587 2184 640 2226 et
677 2173 709 2225 ὲ,
745 2192 943 2225 mesure
981 2192 1081 2241 que
1119 2176 1195 2225 les
1233 2175 1462 2224 sciences
1500 2170 1824 2237 biologiques
1861 2178 2123 2227 avancent,

121 2274 259 2306 nous
297 2273 497 2321 voyons
535 2258 583 2305 la
623 2256 951 2321 mecanique,
1004 2256 1053 2305 13
1102 2254 1354 2321 physique
1402 2262 1454 2303 et
1500 2253 1550 2301 13
1588 2250 1774 2301 chimie
1810 2250 2020 2301 etendre
2060 2249 2125 2296 de

117 2337 239 2401 plus
279 2352 347 2385 en
387 2336 504 2401 plus
542 2337 654 2386 leur
689 2337 885 2402 empire
923 2352 1010 2386 sur
1045 2338 1119 2385 les
1159 2334 1563 2383 manifestations
1600 2331 1837 2397 reputees
1887 2330 1960 2378 les
2011 2328 2127 2392 plus

119 2416 486 2480 mysterieuses
524 2418 591 2467 de
627 2418 678 2466 13
714 2418 812 2467 vie.
843 2454 856 2466 .
883 2452 896 2467 .
924 2452 938 2467 .
996 2419 1099 2465 Les
1151 2417 1287 2464 deux
1323 2414 1543 2479 grandes
1594 2411 1689 2460 lois
1740 2410 1825 2475 qui
1878 2410 2127 2474 regissent

120 2496 374 2546 l’univers
409 2497 636 2547 materie]
655 2536 666 2558 ,
708 2497 865 2547 celles
903 2498 968 2546 de
1005 2497 1057 2546 13
1095 2494 1455 2547 conservation
1494 2494 1559 2541 de
1598 2492 1646 2538 la
1682 2505 1845 2539 masse
1884 2499 1935 2537 et
1972 2488 2037 2537 de
2077 2486 2127 2534 la

123 2577 492 2626 conservation
528 2578 594 2626 de
634 2576 905 2643 l'energie,
946 2577 1205 2627 semblent
1240 2574 1362 2622 bien
1400 2572 1710 2637 s'appliquer
1745 2586 1843 2618 aux
1881 2568 2013 2617 &tres
2050 2582 2127 2613 or-

122 2658 336 2721 ganises
375 2672 499 2706 avec
538 2656 588 2705 13
624 2658 788 2707 meme
839 2657 1047 2723 rigueur
1097 2653 1219 2721 qu’a
1268 2655 1317 2702 la
1370 2652 1579 2701 matiere
1629 2651 1793 2699 brute.
1868 2647 2014 2696 Nous
2060 2660 2125 2693 ne

123 2754 328 2800 voyons
370 2737 505 2787 donc
544 2738 670 2786 dans
710 2737 786 2787 les
824 2737 1231 2786 manifestatione,
1269 2734 1334 2782 de
1372 2734 1421 2782 13
1456 2732 1538 2781 vie
1575 2728 1860 2794 vegetative
1896 2742 1994 2791 que
2032 2725 2124 2772 des

124 2818 295 2867 forces
349 2817 678 2882 mecaniques
731 2826 783 2867 et
833 2815 1383 2882 physico-chimiques;
1443 2820 1495 2861 et
1540 2825 1634 2874 par
1684 2808 2027 2872 consequent,
2080 2801 2122 2850 si

126 2896 276 2947 l'etre
315 2897 405 2963 qui
443 2897 517 2947 vit
555 2906 635 2947 est
671 2896 935 2962 super-ient
972 2894 1002 2945 ὲ
1039 2896 1172 2945 celui
1210 2894 1297 2959 qui
1337 2908 1401 2941 ne
1438 2892 1509 2939 vit
1546 2906 1661 2953 paS,
1703 2903 1762 2936 ce
1801 2886 1928 2935 n'est
1964 2898 2057 2949 pas
2096 2878 2126 2927 ὲ

127 2978 301 3026 raison
342 2978 408 3027 de
447 2976 870 3027 l'irreductibilite
910 2978 976 3025 de
1012 2992 1093 3025 ses
1130 2976 1297 3024 forces
1334 2988 1431 3021 aux
1467 2971 1632 3019 forces
1670 2980 1957 3016 communes
1986 2962 2051 3010 de
2077 2960 2125 3007 la

129 3058 357 3118 matiere,
399 3058 520 3107 mais
560 3055 592 3107 ὲ
628 3058 798 3107 raison
837 3057 907 3106 du
944 3056 1095 3106 mode
1135 3054 1325 3119 special
1354 3052 1555 3101 suivant
1580 3048 1747 3112 lequel
1773 3062 1857 3095 ces
1882 3046 2045 3093 forces
2070 3056 2122 3088 se

131 3138 400 3203 deploient
436 3154 570 3202 pour
605 3138 820 3187 realiser
853 3136 902 3186 le
939 3137 1032 3185 but
1070 3135 1381 3198 intrinseque
1421 3131 1486 3178 de
1524 3129 1573 3176 13
1611 3134 1787 3175 nature
1820 3125 2035 3179 vivente,
2075 3117 2122 3165 le

131 3218 382 3267 bien-&tre
420 3218 488 3267 de
526 3216 798 3266 l’individu
837 3226 888 3265 et
924 3215 976 3266 13
1003 3213 1358 3265 conservation
1384 3211 1449 3259 de
1475 3206 1725 3270 l'espece»
1756 3203 1993 3269 (Mercier
2015 3199 2047 3245 l·
2078 3214 2119 3244 c-

133 3314 182 3361 p.
214 3295 329 3361 56).
355 3322 427 3333 —·
453 3298 537 3347 De
576 3298 780 3362 legibus
817 3312 937 3345 vero
978 3295 1076 3343 illis
1115 3292 1197 3342 vel
1234 3288 1515 3356 principiiS,
1555 3300 1685 3349 quae
1708 3284 1863 3347 vulgo
1889 3280 2123 3328 dicuntur

143 3379 402 3443 «principe
441 3378 508 3427 de
547 3378 596 3425 13
634 3377 992 3426 conservation
1019 3376 1084 3423 de
1110 3375 1159 3421 13
1183 3386 1377 3420 masse»
1408 3376 1523 3426 etc.,
1562 3364 1677 3412 vide
1704 3362 1802 3410 vol.
1831 3362 1869 3419 1,
1910 3373 1958 3418 P·
2000 3352 2119 3412 385.
