2367 3850
215 393 329 440 Art.
413 393 453 439 Ι.

215 473 327 521 Art.
381 472 448 521 ΙΙ.

326 557 450 624 ξι.

327 637 452 704 §2-

1036 183 1235 221 INDEX.

507 392 591 441 De
629 393 744 441 Deo
783 408 947 442 rerum
983 393 1212 442 omnium
1252 402 1607 443 conservatore

502 473 587 521 De
625 472 800 521 divino
837 489 1090 523 concursu

503 561 676 610 Status
713 562 1024 625 quaestionis
1061 562 1331 626 exponitur
1422 601 1430 609 .

505 640 783 691 Doctrinae
822 641 1100 691 declaratio

529 729 569 779 Ι.
621 730 705 778 De
743 746 992 780 concursu
1030 729 1325 780 immediato
1362 739 1540 780 contra
1576 731 1877 780 Durandum
1902 767 1915 780 .

505 810 575 859 ΙΙ.
628 809 711 858 De
736 810 1080 860 controversia
1105 811 1239 860 circa
1264 819 1489 859 naturam
1517 826 1793 860 concursus
1817 811 1919 860 Dei

706 889 978 940 immediati
1003 891 1054 939 in
1080 891 1385 950 actionibus,
1412 891 1713 957 praesertim
1732 891 1915 951 liberis,

709 978 1046 1020 creaturarum
1100 1009 1110 1018 .

139 1091 314 1155 Caput
352 1092 444 1142 111.
497 1093 582 1141 De
620 1094 797 1142 ceteris
834 1093 1083 1142 attributis
1120 1092 1306 1142 divinis

212 1181 330 1228 Art.
413 1182 454 1228 Ι.

214 1262 330 1308 Art.
385 1261 452 1308 11.

211 1341 328 1389 Art.
358 1342 450 1389 111.

408 1441 450 1478 1.

403 1521 451 1556 2.

215 1598 331 1648 Art.
362 1597 452 1646 IV.

325 1425 364 1572 (0ῦίΠῦ

408 1696 452 1734 1.

407 1777 458 1814 2.

325 1680 371 1844 ,eme-m

509 1181 593 1229 De
633 1181 1032 1231 immutabilitate
1070 1181 1170 1230 Dei
1262 1219 1273 1229 .

505 1262 588 1309 De
627 1262 924 1310 aeternitate
961 1262 1061 1310 Dei
1101 1299 1112 1310 .

503 1341 586 1390 De
625 1341 836 1390 scientia
873 1342 975 1391 Dei

505 1429 589 1477 De
626 1429 978 1480 omniscientia
1015 1429 1188 1478 divina
1262 1467 1273 1478 .

507 1509 589 1557 De
627 1509 797 1570 mod0,
837 1525 937 1575 quo
974 1510 1118 1560 Deus
1156 1511 1423 1575 cognoscit

504 1597 589 1645 De
625 1597 886 1647 voluntate
923 1597 1025 1646 Dei
1099 1634 1111 1647 .

504 1685 588 1734 De
625 1683 832 1734 obiecto
868 1684 1144 1735 voluntatis
1181 1684 1383 1734 divinae
1424 1723 1434 1734 .

510 1764 594 1812 De
631 1764 866 1814 libertate
903 1763 1177 1814 voluntatis
1217 1764 1421 1815 divinae

531 1853 572 1903 Ι.
623 1853 705 1902 De
743 1853 1035 1904 exsistentia
1071 1863 1122 1903 et
1148 1853 1343 1903 ambitu
1369 1852 1617 1902 libertatis
1644 1851 1921 1902 voluntatis

711 1934 912 1983 divinae
937 1973 950 1985 .

451 2046 466 2056 ·
507 2014 572 2063 11.
624 2013 901 2076 Quomodo
939 2013 1144 2064 libertas
1169 2014 1271 2063 Dei
1310 2030 1423 2065 cum
1460 2014 1569 2063 eius
1602 2012 1919 2063 immutabili-

325 2178 452 2245 §3-

215 2424 449 2567 Artis.

218 2604 468 2654 Scholion

215 2694 332 2744 Art.
359 2694 448 2743 VI.

195 2776 310 2823 Art.
338 2774 454 2823 VII.

327 2860 454 2927 ξι.

329 3108 454 3176 152.

708 2102 812 2143 tate
849 2096 1089 2161 componi
1125 2095 1289 2159 possit

504 2182 588 2231 De
626 2180 728 2231 fine
764 2183 941 2231 ultimo
977 2192 1120 2232 actus
1155 2182 1431 2232 voluntatis
1469 2182 1669 2231 divinae
1744 2220 1754 2229 .

531 2262 572 2310 Ι.
625 2262 809 2311 Thesis
845 2262 1099 2328 generalis

507 2342 576 2391 Π.
625 2342 709 2391 De
747 2341 848 2391 fine
885 2342 1065 2392 ultimo
1104 2342 1371 2392 creationis
1409 2342 1585 2391 mundi
1622 2341 1823 2390 uberius
1906 2379 1916 2390 .

504 2430 588 2479 De
625 2430 916 2496 praecipuis
952 2430 1229 2480 voluntatis
1266 2430 1467 2479 divinae
1504 2430 1771 2480 virtutibus

502 2519 586 2566 De
623 2518 997 2583 omnipotentia
1032 2518 1133 2567 Dei

502 2694 585 2742 De
623 2695 906 2760 ubiquitate
943 2708 995 2745 et
1031 2696 1364 2745 immensitate
1402 2695 1500 2743 Dei
1586 2732 1596 2741 .

509 2774 592 2823 De
627 2775 952 2840 providentia
989 2776 1161 2825 divina

506 2865 591 2913 De
628 2865 808 2913 ordine
845 2880 1013 2913 rerum
1049 2882 1078 2913 a
1117 2866 1235 2915 Deo
1271 2863 1586 2928 provisarum
1624 2863 1674 2910 in
1714 2861 1867 2911 finem
1907 2898 1919 2911 .

531 2945 572 2993 Ι.
625 2944 708 2993 De
746 2945 1038 2994 exsistentia
1075 2944 1226 2993 huius
1263 2943 1456 2991 ordinis

507 3024 576 3074 Π.
629 3025 713 3074 De
749 3026 1060 3089 praestantia
1093 3024 1242 3073 huius
1280 3021 1471 3071 ordinis

506 3112 589 3160 De
627 3112 997 3177 gubernatione
1035 3113 1207 3161 divina
1243 3110 1467 3160 omnium
1506 3125 1671 3159 rerum
1716 3109 1920 3157 munda-

581 3208 760 3240 narum

530 3274 572 3321 I.
625 3273 708 3321 De
746 3271 1119 3336 gubernatione
1157 3271 1330 3320 divina
1367 3269 1644 3334 generatim

507 3352 572 3400 ΙΙ.
628 3351 710 3400 De
748 3351 1120 3415 gubernatione
1157 3348 1380 3398 hominis
1417 3347 1677 3411 speciatim
1743 3382 1753 3393 .

2068 183 2127 222 XI

2020 328 2127 379 Pag.

2028 407 2129 444 212

2028 487 2132 537 214

2028 575 2132 624 214

2029 643 2131 692 216

2028 733 2131 781 216

2030 971 2133 1021 218

2030 1107 2131 1155 224

2030 1194 2133 1243 224

2030 1263 2133 1312 226

2030 1353 2130 1403 227

2029 1441 2131 1491 227

2029 1521 2131 1570 229

2030 1606 2131 1659 237

2030 1694 2130 1748 237

2030 1776 2132 1827 239

2030 1946 2133 1997 239

2030 2106 2134 2154 240

2030 2194 2126 2242 241

2030 2274 2127 2322 241

2031 2353 2126 2400 241

2030 2442 2131 2490 244

2032 2528 2131 2578 247

2031 2606 2132 2665 248

2032 2704 2133 2753 249

2031 2784 2131 2835 252

2031 2871 2131 2923 253

2030 2950 2131 3003 253

2030 3031 2133 3082 254

2029 3197 2128 3249 255

2028 3274 2127 3328 255

2028 3352 2130 3402 257
