2367 3850
235 158 337 217 248
864 171 1193 206 THEOLOGIA
1234 170 1575 206 NATURALIS.

354 326 558 375 Thesis
595 325 873 388 probatio.
930 319 1205 376 Potentia
1247 319 1363 376 Dei
1406 329 1494 376 est
1534 317 1779 376 infinita.
1846 317 2001 375 Nihil
2039 318 2187 375 enim

233 406 392 464 aliud
435 416 523 464 est
563 405 676 463 nisi
705 406 836 481 ipsa
863 405 980 464 Dei
1022 407 1279 464 essentia
1308 407 1683 464 considerata
1711 417 1775 464 ut
1803 417 1891 464 est
1918 407 2189 470 effectiva.

235 496 355 554 Sed
396 494 712 554 essentiam
754 495 871 553 Dei
914 496 1206 553 infinitam
1248 513 1379 554 esse
1421 495 1823 570 probavimus,

354 592 628 650 Potentia
669 601 866 650 autem
910 592 1139 650 infinita
1180 592 1365 651 debet
1406 611 1535 651 esse
1578 593 2025 668 omnipotentia,
2066 592 2099 650 i.
2144 611 2193 650 e.

233 700 363 740 sese
407 681 730 740 extendere
775 680 854 739 ad
897 683 1100 739 omnia
1147 681 1501 740 intrinsecus
1554 681 1892 757 possibilia:
1947 682 2199 756 alioquin

233 790 360 829 non
401 779 557 830 esset
597 770 859 842 infinita,
917 769 1057 844 quia
1113 769 1306 828 maior
1348 771 1685 846 concipitur
1738 789 1869 829 esse
1924 771 2196 846 potentia,

236 878 390 935 quae
433 877 561 917 sese
603 859 681 924 ad
724 858 927 917 omnia
981 859 1287 933 possibilia
1332 860 1619 918 extendat
1674 879 1855 934 quam
1899 879 1998 930 ea,
2054 877 2197 934 quae

238 967 362 1007 non
405 947 610 1006 omnia
651 949 892 1007 efficere
935 957 1148 1024 potest.

357 1050 520 1122 Ergo
563 1049 727 1105 Deus
770 1057 858 1106 est
898 1047 1281 1123 omnipotens
1307 1049 1341 1105 ¹.

359 1189 648 1237 Scholion.
704 1179 1175 1254 Nonnumquam
1207 1177 1548 1254 philosophi
1590 1188 1650 1236 et
1678 1180 2025 1253 praesertim
2053 1179 2203 1236 theo-

237 1268 360 1343 logi
401 1267 766 1342 distinguunt
805 1267 960 1326 inter
1001 1267 1333 1344 potentiam
1377 1268 1493 1325 Dei
1555 1268 1867 1325 absolutam
1910 1278 1970 1325 et
2010 1277 2203 1343 poten-

237 1358 379 1414 tiam
424 1357 539 1415 Dei
581 1357 924 1426 ordinatam,
969 1357 1076 1416 sed
1116 1375 1245 1414 non
1289 1355 1507 1415 eodem
1550 1374 1790 1432 semper
1830 1375 2025 1416 sensu.

364 1565 383 1596 ¹
418 1566 495 1614 Ex
534 1567 938 1616 consideratione
973 1567 1367 1631 omnipotentiae
1406 1567 1506 1615 Dei
1544 1576 1644 1616 tres
1680 1566 2032 1631 potissimum,
2078 1567 2207 1614 iuxta

239 1647 463 1696 Lessium
503 1647 534 1695 l.
577 1664 618 1695 c.
657 1646 691 1696 1.
733 1647 793 1705 V,
835 1663 879 1696 c.
919 1661 966 1709 3,
1007 1655 1286 1711 sequuntur
1324 1648 1374 1695 in
1414 1647 1560 1695 nobis
1598 1647 1830 1710 affictus:

367 1749 410 1784 1.
463 1735 709 1783 Maximae
760 1735 1016 1783 cuiusdam
1067 1736 1381 1786 reverentiae·
1412 1743 1462 1784 et
1492 1735 1852 1794 submissionis,
1914 1734 2048 1782 unde
2098 1751 2207 1798 apo-

241 1816 400 1863 stolus
439 1816 613 1863 Petrus
654 1812 776 1878 (Ep.
822 1829 864 1874 1,
907 1832 948 1864 c.
993 1813 1078 1878 5):
1125 1813 1507 1863 «Humiliamini
1544 1815 1638 1863 sub
1676 1813 1874 1878 potenti
1914 1830 2063 1862 manu
2100 1815 2208 1873 Dei,

243 1905 296 1945 ut
332 1912 422 1945 vos
459 1896 642 1945 exaltet
677 1895 728 1944 in
767 1904 992 1960 tempore
1031 1894 1377 1945 visitationis.»
1457 1895 1583 1957 Quis
1621 1895 1757 1944 enim
1796 1895 2027 1959 cogitans
2078 1911 2211 1943 suam

242 1975 630 2023 imbecillitatem
667 1984 719 2024 et
755 1975 885 2023 illius
923 1975 1356 2039 omnipotentiam,
1397 1992 1500 2024 non
1539 1974 1798 2023 submittat
1836 1991 1890 2023 se
1929 1974 2003 2023 illi
2043 1976 2093 2022 in
2120 1992 2216 2023 om-

243 2056 403 2116 nibus,
444 2064 695 2120 tamquam
735 2056 942 2103 habenti
977 2055 1028 2103 in
1053 2072 1147 2103 nos
1173 2072 1421 2104 summum
1445 2056 1521 2104 ius
1546 2064 1597 2104 et
1622 2071 1863 2104 summam
1887 2058 2217 2119 potestatem?

366 2158 414 2193 2.
467 2144 664 2193 Excitat
717 2144 950 2193 affectum
1002 2146 1206 2193 timoris.
1282 2144 1431 2193 Unde
1470 2144 1729 2209 Scriptura
1778 2144 1966 2209 passim
2012 2160 2217 2193 comme-

246 2232 404 2272 morat
443 2226 663 2273 divinam
701 2225 977 2289 potentiam
1015 2224 1224 2289 eiusque
1262 2225 1511 2289 stupenda
1547 2240 1733 2288 opera,
1784 2232 1841 2273 ut
1884 2224 2121 2273 homines
2157 2225 2216 2272 ad

248 2305 474 2353 timorem
501 2306 696 2367 excitet,
723 2314 773 2354 et
798 2306 1051 2354 Dominus
1080 2302 1229 2369 (Luc.
1260 2322 1302 2354 c.
1338 2300 1425 2369 12)
1447 2321 1457 2353 τ
1493 2305 1656 2353 «Dico
1683 2313 1850 2353 autem
1875 2305 2025 2353 vobis
2052 2304 2215 2353 amicis

247 2384 386 2443 meis,
427 2400 490 2432 ne
531 2386 808 2433 terreamini
846 2387 911 2434 ab
950 2386 1044 2446 his,
1085 2384 1173 2450 qui
1210 2385 1451 2435 occidunt
1488 2401 1687 2449 corpus,
1727 2392 1778 2432 et
1814 2393 1933 2448 post
1970 2385 2098 2433 haec
2121 2401 2216 2432 non

246 2466 438 2513 habent
466 2464 680 2529 amplius
705 2465 827 2528 quid
853 2466 1051 2515 faciant.
1105 2466 1387 2515 Ostendam
1412 2473 1578 2513 autem
1603 2465 1763 2525 vobis,
1802 2480 1955 2528 quem
1980 2464 2216 2513 timeatis:

249 2545 415 2594 timete
453 2562 596 2605 eum,
641 2545 753 2609 qui,
807 2554 1072 2609 postquam
1110 2546 1368 2606 occiderit,
1408 2544 1565 2594 habet
1601 2553 1901 2609 potestatem
1940 2544 2135 2594 mittere
2170 2546 2217 2593 in

247 2626 547 2689 gehennam.
624 2626 700 2673 Ita
737 2624 854 2673 dico
892 2626 1050 2685 vobis,
1089 2626 1225 2675 hunc
1262 2626 1479 2675 timete.»

358 2726 404 2776 3.
445 2714 640 2761 Excitat
677 2713 909 2763 affectum
930 2714 1162 2777 fiduciae.
1216 2713 1269 2761 Si
1306 2714 1439 2762 enim
1475 2712 1799 2777 omnipotens
1836 2713 1987 2761 nobis
2024 2712 2216 2775 assistit,

251 2795 335 2858 qui
373 2794 592 2841 omniurn
631 2809 892 2842 causarum
929 2802 1208 2842 creatarum
1226 2832 1238 2854 ,
1276 2794 1502 2842 omnium
1538 2794 1799 2842 hominum
1836 2801 1887 2841 et
1923 2793 2218 2843 daemonum

251 2874 475 2923 continet
514 2874 752 2933 habenas,
793 2874 861 2921 ita
897 2882 952 2921 ut
988 2890 1082 2923 nec
1108 2874 1159 2921 in
1189 2874 1444 2922 minimum
1470 2882 1661 2923 motum
1683 2873 1879 2937 possint
1902 2873 2094 2939 absque
2116 2874 2217 2923 eius

253 2963 375 3002 nutu
427 2954 667 3002 emicare:
721 2970 813 3003 cur
856 2954 1116 3002 timeamus
1155 2954 1373 3019 aliquam
1410 2956 1719 3003 creaturam?
1800 2953 1883 3001 «Si
1934 2954 2079 3003 Deus
2128 2970 2215 3019 pro

253 3034 417 3094 nobis,
459 3034 567 3098 quis
605 3042 781 3083 contra
817 3050 938 3083 nos»
983 3030 1157 3097 (Rom.
1198 3034 1247 3095 8,
1289 3031 1403 3099 31).
1666 3030 1673 3037 ’

373 3116 458 3162 Ad
495 3114 723 3163 timorem
761 3130 962 3179 quoque
1010 3122 1059 3163 et
1109 3114 1343 3164 fiduciam
1393 3131 1455 3163 ex
1507 3112 1913 3163 consideratione
1967 3114 2213 3178 potentiae

254 3194 453 3242 divinae
489 3193 825 3257 pulcherrime
861 3212 956 3243 nos
1003 3195 1185 3244 excitat
1223 3196 1301 3245 Ps.
1344 3206 1439 3257 32:
1504 3194 1792 3243 «Exsultate
1849 3194 1966 3241 iusti
2020 3194 2071 3241 in
2118 3195 2213 3243 Do-

256 3275 422 3332 mino,
476 3280 638 3321 rectos
676 3274 823 3322 decet
860 3274 1217 3335 collaudatio»,
1267 3284 1316 3325 et
1354 3283 1547 3335 cetera,
1588 3290 1718 3338 quae
1756 3284 2036 3339 sequuntur
2069 3290 2211 3339 usque

257 3353 322 3398 ad
358 3350 523 3398 finem.
