2367 3850
1877 0 1883 2 ⁷
1931 0 2332 126 *JPWW

1977 39 1984 47 .

279 227 346 274 42
721 226 1225 265 ANTHROPOLOGIA.
1292 226 1431 262 PARS
1472 225 1820 262 ANALYTICA.

397 375 608 448 Inccjoit
645 393 787 433 vero
830 374 1088 434 sensatio
1131 393 1207 434 eo
1224 421 1237 446 ,
1297 373 1461 449 quod
1504 391 1761 449 corpora
1801 373 1863 431 in
1905 390 2123 432 sensus
2168 390 2261 429 no·
2337 401 2338 436 i

278 473 428 522 stros
471 474 652 539 agunt
694 474 753 522 et
794 464 856 522 in
900 464 983 523 eis
1026 464 1373 538 imprimunt
1414 463 1675 538 aliquam
1715 463 1803 522 sui
1850 472 2263 538 repraesenta-

279 552 523 611 tionem.
2333 541 2342 561 ⁶

400 644 477 700 Et
517 643 712 718 primo
757 643 1001 717 quidem
1028 660 1290 718 corpora
1330 642 1390 700 in
1434 660 1638 701 sensus
1676 654 1911 702 nostros
1938 659 2132 719 agere
2176 659 2263 699 ex·

277 730 569 806 perientia
625 740 873 789 constat.
958 731 1199 789 Etenim
1256 731 1566 790 evidenter
1606 732 1781 790 nobis
1822 741 2083 806 apparet
2141 747 2265 787 sen·
2337 722 2348 798 'J

278 819 536 879 sationes
591 820 874 895 primario
929 837 1052 878 non
1105 839 1140 878 a
1181 821 1359 879 nobis
1401 820 1571 891 oriri,
1630 821 1737 880 sed
1791 838 1864 878 ex
1916 819 2264 896 praesentia
2345 813 2348 816 ’

279 926 616 984 corporum,
664 926 916 984 quorum
958 909 1078 967 vim
1122 910 1460 985 experimur
1487 911 1777 968 maiorem
1813 910 1910 968 vel
1938 908 2261 975 minorem,

278 1017 390 1073 pro
434 1016 641 1058 eorum
683 999 844 1057 mole
885 998 980 1058 vel
1022 997 1302 1058 distantia
1327 1001 1360 1057 ¹.

398 1088 660 1162 Agendo
702 1106 848 1146 vero
890 1087 953 1145 in
994 1099 1234 1146 nostros
1276 1106 1480 1147 sensus
1536 1089 1598 1146 in
1653 1088 1724 1146 iis
1765 1087 2121 1163 imprimunt
2167 1085 2264 1145 ali-

279 1196 459 1252 quam
502 1177 589 1235 sui
631 1177 1260 1253 repraesentationem.
1348 1177 1597 1236 «Omnis
1639 1177 1903 1254 cognitio
1946 1179 2013 1235 fit
2052 1195 2262 1236 secun·

278 1266 421 1326 dum
463 1265 906 1325 similitudinem
950 1267 1175 1342 cogniti
1216 1267 1278 1324 in
1319 1276 1781 1342 cognoscente.»
1869 1265 2260 1324 Manifestum

278 1366 367 1414 est
409 1355 572 1414 enim
614 1374 686 1415 ex
727 1356 827 1414 illa
868 1357 1104 1416 actione
1147 1373 1469 1432 corporum
1511 1357 1572 1414 in
1614 1355 1789 1415 nobis
1828 1354 1957 1414 fieri
1993 1355 2259 1430 aliquam

279 1445 564 1504 unionem
621 1446 841 1504 obiecti
887 1445 1112 1522 cogniti
1167 1446 1483 1505 nobiscum
1530 1444 2050 1521 cognoscentibus,
2142 1444 2261 1504 Sed

280 1533 646 1610 experientia
687 1534 830 1594 item
871 1534 1250 1594 manifestum
1293 1546 1380 1594 est
1421 1535 1583 1593 illam
1627 1534 1913 1593 unionem
1959 1552 2088 1593 non
2135 1533 2258 1593 fieri

279 1641 351 1681 ex
395 1640 487 1695 e0,
533 1624 727 1699 quod,
784 1644 918 1683 cum
961 1643 1181 1701 equum
1226 1643 1276 1683 e.
1321 1643 1378 1699 g.
1424 1625 1771 1700 cognitione
1826 1624 2109 1683 sensitiva
2167 1643 2259 1699 ap·

282 1711 708 1786 prehendimus
725 1759 740 1784 ,
802 1713 928 1789 ipse
984 1714 1082 1773 ille
1143 1732 1330 1788 equus
1389 1715 1838 1772 substantialiter
1890 1712 2260 1788 ingrediatur

282 1811 548 1859 nostrum
591 1819 898 1876 organum,
942 1821 1139 1878 neque
1181 1821 1256 1863 ex
1299 1820 1391 1873 e0,
1438 1803 1603 1878 quod
1645 1821 1756 1861 nos
1798 1803 2260 1862 substantialiter

282 1891 489 1949 fiamus
545 1889 644 1950 ille
702 1909 904 1969 equus,
988 1892 1082 1951 Fit
1134 1892 1393 1969 proinde
1454 1910 1526 1952 ex
1570 1911 1677 1964 eo,
1736 1892 1899 1969 quod
1955 1891 2256 1952 obiectum

284 1980 589 2055 cognitum
640 1984 911 2041 accidente
966 1983 1229 2057 quodam
1248 2029 1261 2054 ,
1321 1992 1463 2059 puta
1517 1983 1946 2042 vibrationibus
2002 1982 2123 2040 suis
2167 1982 2256 2038 vel

278 2069 396 2127 alio
426 2070 556 2145 ·qui
613 2090 747 2129 cum
803 2071 1178 2145 qualitatibus
1241 2073 1650 2148 corporalibus
1671 2074 1692 2107 ²
1746 2072 2106 2129 coniunctus
2169 2080 2253 2128 est

281 2169 463 2229 motu,
511 2177 739 2235 organo
782 2160 1042 2219 animato
1083 2161 1298 2232 unitur,
1343 2160 1703 2219 vibrationes
1745 2179 1877 2219 suas
1920 2178 1972 2219 e.
2018 2179 2077 2235 g.
2124 2159 2255 2218 huic

282 2265 511 2323 organo
569 2249 1071 2308 communicando
1120 2252 1216 2308 vel
1272 2249 1691 2325 imprimendo,
1776 2250 2084 2325 Impressio
2127 2268 2256 2308 vero

280 2337 403 2407 illa,
464 2354 742 2409 quatenus
781 2348 1162 2397 consideratur
1200 2357 1261 2397 ut
1296 2350 1367 2398 ab
1407 2349 1630 2398 obiecto
1668 2356 1896 2411 recepta
1938 2340 2000 2397 in
2041 2358 2255 2413 organo

279 2428 552 2496 animate,
595 2446 630 2483 a
673 2427 1038 2486 scholasticis
1079 2428 1239 2487 dicta
1281 2439 1369 2487 est
1411 2438 1635 2501 species
1671 2438 1966 2501 impressa.

244 2586 262 2592 ἣ
401 2516 707 2592 Perficitur
751 2517 1012 2592 denique
1057 2518 1156 2576 illa
1198 2518 1340 2577 unio
1393 2536 1500 2588 e0,
1547 2518 1712 2593 quod
1767 2519 2104 2577 subiectum
2159 2536 2255 2577 seu

283 2606 529 2665 facultas
572 2608 830 2665 sentiens
873 2624 1009 2665 cum
1053 2607 1292 2666 obiecto
1334 2607 1473 2683 agit,
1518 2617 1582 2665 ut
1609 2607 1874 2682 speciem
1904 2607 2254 2683 impressam

283 2694 574 2770 percipiat
627 2705 686 2753 et
740 2696 801 2753 in
857 2713 919 2754 se
975 2696 1281 2772 exprimat.
1367 2697 1524 2754 Nam
1581 2714 1818 2767 sensus,
1878 2695 1986 2755 etsi
2028 2696 2255 2772 indiget

282 2783 478 2859 primo
535 2784 611 2841 ab
667 2784 906 2843 obiecto
963 2786 1222 2858 moveri,
1285 2797 1346 2844 ut
1402 2786 1546 2844 illud
1607 2784 1850 2856 sentiat,
1912 2796 2119 2844 tamen
2175 2796 2257 2844 est

282 2873 528 2931 facultas
571 2873 959 2932 essentialiter
1001 2875 1206 2946 vitaIiS,
1251 2876 1285 2933 i.
1318 2893 1368 2933 e.
1403 2893 1465 2933 se
1495 2875 1627 2951 ipsa
1658 2892 1924 2951 movens,
1995 2875 2254 2933 Proinde

284 2962 440 3020 facta
467 2962 566 3019 illa
608 2962 997 3037 impressione
1040 2965 1287 3039 passiva,
1333 2964 1464 3040 ipsa
1492 2966 1725 3041 passiva
1754 2975 1981 3023 tantum
2010 2981 2253 3023 manere

343 3066 405 3107 ³n
464 3060 695 3127 potest,
761 3051 867 3109 sed
927 3053 1034 3110 sub
1094 3053 1195 3110 illa
1252 3054 1609 3128 impulsione
1671 3054 1971 3113 actionem
2034 3051 2251 3112 obiecti

383 3139 525 3215 *pria
567 3138 863 3198 activitate
893 3140 1147 3216 percipit
1190 3152 1247 3199 et
1275 3160 1385 3217 per
1423 3143 2037 3217 repraesentationem
2074 3162 2252 3217 quan-

391 3248 421 3284 n
464 3228 524 3286 in
568 3246 630 3286 se
680 3228 970 3303 exprimit.

392 3376 541 3456 ἧκες.
580 3404 680 3452 vol.
720 3405 760 3463 1,
802 3405 904 3467 356
943 3422 1050 3469 sqq.
1199 3406 1219 3436 2
1256 3408 1385 3456 lbid.
1428 3408 1533 3469 360
1570 3424 1679 3470 sqq·
