2367 3850
630 187 705 224 DE
742 186 1123 226 ARGUMENTIS
1165 187 1601 228 METAPHYSICIS.
2005 186 2101 242 17⁵

173 358 208 425 ξ
246 374 295 424 3.
354 364 781 425 Argumentum
821 378 889 412 ex
927 364 1310 426 contingentia
1347 378 1532 413 rerum
1570 365 1982 414 mundanarum
2009 361 2042 412 ¹.

228 486 359 543 Ens
405 487 771 562 contingens
813 506 887 546 ex
929 486 1239 562 ontologia
1256 488 1279 521 ²
1319 487 1536 546 scimus
1562 505 1692 547 esse
1735 487 1896 558 illud,
1941 490 2106 564 quod

117 591 217 647 per
256 593 323 632 se
384 575 743 636 indifferens
799 587 888 635 est
930 577 1006 634 ad
1064 576 1461 636 exsistendum
1519 577 1616 636 vel
1656 595 1782 634 non
1829 575 2107 634 exsisten-

116 662 269 733 dum,
314 663 353 721 i.
389 683 449 722 e.
482 665 825 724 exsistentia
867 665 992 724 eius
1033 666 1165 725 talis
1193 676 1298 738 est,
1342 677 1405 723 ut
1433 665 1617 742 possit
1652 683 1778 724 non
1805 665 2103 726 exsistere.

117 753 237 809 Iam
277 771 433 812 vero
480 772 617 812 cum
647 755 809 812 entia
845 755 1151 813 mundana
1176 755 1483 814 videamus
1520 772 1649 814 esse
1679 754 2104 829 contingentia,

116 841 221 898 hac
277 843 539 901 notione
600 843 959 918 assurgimus
1008 843 1088 901 ad
1135 844 1627 918 cognoscendum
1668 845 1866 902 Deum
1907 850 1974 900 ut
2011 861 2108 901 ens

114 949 153 986 a
188 949 244 987 se
284 932 549 990 absolute
588 934 961 991 necessarium
1002 933 1087 991 sic
1130 932 1552 992 discurrendo:

224 1021 346 1078 Res
389 1023 719 1080 mundanae
759 1029 894 1080 sunt
930 1024 1318 1096 contingentes.
1405 1022 1674 1082 Etenim:

236 1129 285 1168 1.
338 1111 651 1186 Incipiunt
706 1111 1019 1185 exsistere3
1074 1112 1220 1170 illud
1263 1122 1491 1183 autem,
1550 1111 1714 1186 quod
1761 1110 1970 1186 incipit
2011 1128 2106 1170 ex-

114 1198 311 1258 sistere
330 1245 346 1270 ,
408 1219 539 1259 non
583 1201 805 1259 exsistit
846 1201 1185 1260 necessario
1203 1247 1217 1274 ,
1275 1201 1384 1260 sed
1438 1218 1512 1259 ex
1553 1219 1657 1258 sua
1712 1200 1970 1260 essentia
2015 1209 2104 1258 est

114 1288 467 1348 indifferens
508 1290 591 1348 ad
631 1290 1050 1360 exsistendum.

231 1399 283 1436 2.
317 1379 503 1437 Clare
524 1379 933 1454 percipiuntur
951 1389 1153 1439 mente
1182 1390 1388 1439 nostra
1405 1389 1468 1436 ut
1486 1379 1710 1437 nullam
1728 1378 2100 1438 involventes

114 1468 578 1543 repugnantiam
619 1468 697 1526 ad
739 1487 867 1527 non
907 1468 1326 1528 exsistendum.

229 1574 282 1631 3.
314 1559 660 1629 Praeterea,
686 1557 734 1615 si
754 1576 849 1616 res
868 1559 1207 1617 mundanae
1227 1575 1352 1615 non
1373 1567 1570 1616 essent
1588 1556 1997 1616 indifferentes
2020 1556 2097 1614 ad

118 1645 523 1704 exsistentium
567 1664 677 1722 per
704 1664 785 1717 se,
832 1664 904 1705 ex
932 1646 1188 1705 essentia
1224 1665 1330 1706 sua
1356 1646 1694 1706 necessario
1723 1645 2101 1718 exsisterent3

120 1733 219 1790 sed
246 1745 395 1792 tunc
424 1752 639 1794 omnes
668 1735 817 1794 aliae
849 1754 941 1794 res
970 1736 1237 1796 eiusdem
1265 1736 1361 1796 vel
1389 1735 1761 1812 perfectioris
1789 1734 2097 1805 essentiae,

236 1927 255 1959 ¹
300 1931 510 1979 «Tertia
544 1930 626 1978 via
664 1938 739 1979 est
777 1939 978 1995 sumpta
1014 1946 1075 1979 ex
1110 1930 1340 1997 possibili
1379 1940 1429 1979 et
1466 1930 1778 1991 necessariO,
1818 1920 1947 1996 quae
1984 1930 2096 1979 talis

117 2017 200 2056 est.
258 2011 559 2059 Invenimus
596 2011 729 2059 enim
766 2011 818 2058 in
854 2012 1009 2059 rebus
1044 2012 1319 2076 quaedam,
1369 2026 1497 2076 quae
1536 2019 1651 2060 sunt
1687 2011 1946 2075 possibilia
1984 2026 2095 2059 esse

120 2097 165 2137 et
199 2105 306 2139 non
346 2106 492 2150 esse3
548 2106 661 2139 cum
699 2091 945 2155 quaedam
982 2091 1304 2141 inveniantur
1340 2091 1574 2156 generari
1611 2100 1661 2139 et
1712 2090 1994 2155 corrumpi,
2047 2100 2098 2139 et

118 2186 203 2234 per
240 2160 571 2236 consequens
608 2171 869 2235 possibilia
904 2188 1015 2221 esse
1054 2181 1103 2221 et
1142 2187 1247 2221 non
1285 2187 1412 2220 esse.
1464 2170 1783 2235 Impossibile
1821 2179 1896 2219 est
1932 2178 2096 2217 autem

118 2251 297 2312 omnia,
339 2268 474 2315 quae
512 2260 629 2301 sunt
666 2250 811 2309 talia,
852 2268 1051 2315 semper
1087 2267 1226 2311 esse;
1273 2252 1392 2317 quia
1429 2251 1566 2315 quod
1604 2250 1843 2315 possibile
1881 2258 1955 2299 est
1993 2266 2094 2298 non

120 2345 237 2390 esse,
278 2332 593 2396 quandoque
631 2347 734 2381 non
772 2340 863 2380 est.
916 2331 969 2380 Si
1006 2332 1154 2397 igitur
1191 2331 1360 2379 omnia
1397 2340 1513 2379 sunt
1550 2329 1816 2395 possibilia
1840 2346 1942 2378 non
1969 2346 2095 2391 esse,

118 2409 390 2475 aliquando
431 2411 560 2459 nihil
598 2412 689 2460 fuit
725 2413 776 2460 in
814 2412 982 2460 rebus.
1059 2412 1162 2461 Sed
1201 2411 1242 2459 si
1279 2411 1380 2461 hoc
1418 2421 1493 2460 est
1529 2426 1732 2472 verum,
1773 2410 1922 2459 etiam
1961 2426 2096 2460 nunc

122 2488 239 2539 nihil
278 2500 448 2550 esset3
502 2492 619 2555 quia
656 2492 793 2556 quod
831 2508 936 2539 non
973 2498 1063 2551 est,
1104 2508 1207 2540 non
1245 2490 1419 2561 incipit
1457 2506 1568 2539 esse
1619 2491 1717 2539 nisi
1764 2506 1858 2555 per
1907 2491 2096 2555 aliquid

120 2572 250 2633 quod
289 2580 383 2621 est.
446 2571 501 2621 Si
538 2572 693 2637 igitur
729 2570 857 2620 nihil
894 2571 985 2619 fuit
1022 2586 1142 2632 enS,
1197 2570 1511 2635 impossibile
1548 2572 1668 2630 fuit,
1717 2572 1856 2636 quod
1905 2571 2095 2635 aliquid

90 2650 364 2715 *inciperet
417 2668 559 2710 esse;
611 2660 664 2701 et
698 2652 773 2701 sic
809 2652 963 2699 modo
1000 2651 1127 2700 nihil
1164 2660 1324 2701 esset:
1384 2653 1522 2715 quod
1559 2660 1700 2716 patet
1736 2667 1848 2702 esse
1899 2651 2092 2701 falsum.

120 2730 232 2779 Non
272 2748 401 2797 ergo
442 2732 613 2781 omnia
664 2732 800 2782 entia
849 2740 965 2780 sunt
1014 2732 1302 2797 possibilia,
1355 2732 1448 2781 sed
1498 2740 1698 2796 oportet
1748 2732 1937 2797 aliquid
1983 2747 2094 2780 esse

122 2814 459 2861 necessarium
497 2813 549 2860 in
586 2812 753 2861 rebus.
808 2812 977 2861 Omne
1014 2821 1181 2861 autem
1219 2813 1552 2863 necessarium
1589 2812 1672 2861 vel
1709 2812 1863 2861 habet
1892 2828 2094 2860 causam

122 2907 233 2940 suae
272 2893 587 2943 necessitatis
625 2891 843 2952 aliunde,
883 2892 965 2941 vel
1002 2908 1104 2941 non
1142 2892 1314 2941 habet.
1375 2892 1498 2943 Non
1536 2902 1612 2941 est
1649 2901 1812 2942 autem
1851 2891 2094 2957 possibile

120 2972 253 3033 quod
290 2974 599 3037 procedatur
636 2972 689 3020 in
726 2971 974 3021 infinitum
1013 2972 1064 3019 in
1118 2972 1438 3033 necessariis,
1497 2988 1626 3037 quae
1665 2972 1857 3021 habent
1894 2987 2092 3022 causam

122 3067 235 3100 suae
273 3053 623 3112 necessitatis3
676 3052 803 3101 sicut
854 3044 951 3103 nec
1002 3052 1054 3099 in
1104 3052 1270 3104 causis
1307 3052 1666 3113 efficientibuS‚
1720 3061 1773 3101 ut
1825 3052 2091 3117 probatum

123 3140 205 3180 est.
256 3132 400 3197 Ergo
441 3148 648 3183 necesse
685 3141 761 3182 est
796 3147 989 3197 ponere
1027 3131 1232 3197 aliquid,
1273 3134 1410 3197 quod
1447 3134 1511 3181 sit
1548 3149 1642 3198 per
1673 3149 1727 3182 se
1754 3132 2090 3183 necessarium

124 3226 220 3259 non
258 3214 459 3262 habens
497 3228 699 3262 causam
735 3212 1051 3263 necessitatis
1088 3212 1323 3271 aliunde,
1377 3214 1468 3261 sed
1505 3214 1642 3278 quod
1680 3222 1757 3261 est
1807 3227 1956 3261 causa
2009 3226 2090 3257 ne-

125 3294 363 3342 cessitatis
403 3293 545 3343 aliis:
585 3294 724 3358 quod
760 3309 939 3342 omnes
976 3292 1153 3342 dicunt
1190 3293 1386 3343 Deum»
1433 3290 1510 3354 (S.
1551 3293 1706 3342 theol.
1747 3291 1780 3343 l.
1822 3289 1911 3355 c.).

236 3370 259 3403 ²
297 3374 375 3423 Cf.
418 3375 519 3422 vol.
555 3376 595 3433 Ι,
637 3374 756 3424 218.
