2367 3850
46 3396 105 3412 -ζ
131 3406 133 3409 ⁴

296 231 365 281 70
736 231 1241 268 ANTHROPOLOGIA.
1309 232 1446 268 PARS
1486 231 1829 267 ANALYTICA.
1955 226 1962 229 ’
2328 178 2331 389 Ι

411 389 700 439 Scholion.
758 381 857 436 De
882 380 1120 438 diversis
1148 380 1452 437 intellectus
1479 379 2040 437 denominationibus.
2075 408 2156 416 -—
2185 379 2264 434 In·

290 469 575 540 tellectus,
618 488 731 545 pro
774 468 1113 527 diversitate
1157 467 1571 543 operationum
1609 486 1756 542 quas
1799 467 1974 536 elicit,
2025 467 2265 526 diversis

290 557 599 633 insignitur
641 557 996 616 nominibus,
2330 528 2332 672 ‹

410 650 455 704 Ι.
500 646 745 704 Ratione
784 647 949 715 modi,
995 665 1116 721 quo
1155 657 1353 704 actum
1382 662 1551 703 suum
1593 657 1847 716 exercet,
1891 645 2267 720 distinguitur
2331 673 2332 710 χ

289 735 696 810 intellegentia
737 745 796 793 et
837 735 1004 793 ratio.

410 825 801 898 Intellegentia
841 824 1055 883 dicitur
1097 825 1445 895 intellectUS,
1492 833 1781 898 quatenus
1819 824 2126 899 principia
2168 842 2267 899 per

290 933 353 972 se
397 925 457 972 et
497 914 839 972 immediate
880 922 1026 971 nota
1068 913 1338 989 percipit.
2332 876 2334 1021 ἲ

408 1004 586 1060 Ratio
626 1020 770 1061 vero
824 1002 1038 1060 dicitur
1078 1003 1410 1061 intellectus
1427 1048 1441 1072 ,
1504 1013 1796 1077 quatenus
1856 1020 1931 1060 ex
1987 1001 2154 1060 notis
2196 1003 2264 1059 ad
2333 1044 2334 1047 η

291 1092 496 1167 ignota
548 1110 657 1167 per
713 1090 1085 1150 ratiocinium
1151 1091 1444 1149 discurrit.
1502 1120 1581 1130 -
1637 1091 1818 1149 Ratio
1878 1102 2081 1149 autem
2144 1090 2265 1166 ipsa

291 1181 511 1256 duplex
551 1179 939 1255 distinguitur.

415 1291 464 1328 1.
522 1270 613 1327 Ex
654 1279 822 1344 parte
864 1270 1081 1338 obiecti,
1126 1269 1288 1327 circa
1331 1269 1497 1345 quod
1538 1278 1832 1339 versatur,
1877 1267 2168 1328 dividitur
2209 1268 2263 1324 in
2334 1226 2336 1332 i

289 1359 656 1433 superiorem
699 1369 758 1416 et
798 1357 1160 1417 inferiorem.
2335 1396 2336 1420 i

411 1448 590 1506 Ratio
630 1449 890 1523 superior
929 1447 1143 1505 dicitur
1184 1446 1354 1517 rati0,
1401 1456 1691 1521 quatenus
1723 1446 1981 1505 intendit
2011 1447 2262 1506 aeternis

479 1536 956 1611 contemplandis
999 1546 1058 1594 et
1100 1536 1498 1594 consulendis,

410 1626 590 1684 Ratio
632 1625 886 1700 inferior
927 1643 1073 1684 vero
1115 1635 1204 1684 est
1247 1625 1416 1696 ratio,
1463 1636 1755 1699 quatenus
1797 1626 1976 1683 rebus
2012 1625 2262 1684 intendit
2337 1675 2338 1721 ἢ

476 1715 917 1790 temporalibus.

417 1823 466 1861 2.
512 1805 603 1861 Ex
643 1813 813 1878 parte
836 1805 1003 1879 finis,
1049 1821 1230 1877 quern
1271 1802 1420 1861 ratio
1463 1803 1526 1860 in
1558 1802 1805 1860 veritate
1835 1804 2259 1879 cognoscenda

292 1891 560 1965 intendit,
606 1891 885 1951 dividitur
927 1893 986 1951 in
1031 1892 1457 1968 speculativam
1500 1901 1560 1951 et
1599 1892 1945 1967 practicam.

409 1983 589 2040 Ratio
629 1984 970 2059 speculatz'va
1012 1981 1227 2040 dicitur
1267 1981 1418 2040 ratio
1434 2027 1449 2053 ‚
1500 1992 1789 2056 quatenus
1830 1982 1979 2041 sistit
2022 1983 2085 2040 in
2128 2001 2258 2040 con·

478 2071 868 2147 templatione
909 2070 1188 2144 veritatis,
1233 2070 1596 2145 inquirendo
1638 2070 1783 2145 quid
1826 2069 1901 2129 sit
1940 2089 2170 2131 verum.

409 2160 590 2218 Ratio
619 2162 879 2236 practica
905 2178 1050 2218 vero
1079 2159 1293 2218 dicitur
1322 2160 1491 2230 rati0,
1538 2170 1830 2235 quatenus
1858 2160 2264 2235 cognitionem

477 2268 642 2307 suam
662 2248 741 2306 ad
761 2267 909 2325 opus
940 2249 1218 2324 applicat,
1249 2248 1612 2323 inquirendo
1644 2250 1789 2323 quid
1809 2250 1884 2308 sit
1902 2251 2260 2310 faciendum.

409 2340 484 2395 II.
548 2339 795 2396 Ratione
852 2339 1073 2407 obiecti,
1135 2339 1300 2396 circa
1358 2339 1523 2412 quod
1583 2337 1921 2397 intellectus
1982 2350 2261 2409 versatur,

288 2426 664 2502 distinguitur
706 2427 1073 2485 conscientia
1114 2436 1173 2484 et
1216 2426 1523 2485 memoria.

417 2516 766 2574 Conscientia
825 2516 1039 2575 dicitur
1099 2517 1432 2575 intellectus
1448 2562 1462 2587 ,
1528 2528 1821 2592 quatenus
1881 2517 2263 2592 operationes

289 2622 422 2663 suas
477 2606 905 2664 intellectuales
962 2605 1276 2680 cognoscit
1332 2615 1393 2662 ut
1448 2616 1811 2680 praesentes.
1895 2609 2071 2665 Haec
2129 2625 2266 2665 con-

290 2694 538 2752 scientia
594 2694 955 2753 intellectiva
972 2741 985 2766 ,
1044 2712 1199 2769 quae
1256 2694 1473 2752 dicitur
1527 2695 1705 2753 etiam
1763 2694 2135 2754 conscientia
2192 2695 2268 2753 in-

288 2784 585 2842 tellectiva
599 2784 1006 2860 psychologica‚
1028 2783 1451 2859 distinguenda
1469 2795 1558 2842 est
1575 2805 1610 2842 a
1632 2784 1999 2843 conscientia
2018 2785 2267 2861 psycho-

290 2872 486 2947 logica
514 2873 791 2931 sensitiva
820 2867 878 2948 (a
897 2891 1073 2931 sensu
1102 2868 1335 2948 intimo)
1365 2883 1425 2931 et
1452 2893 1488 2931 a
1509 2874 1878 2932 conscientia
1906 2873 2269 2933 intellectiva

288 2961 528 3033 morali,
597 2979 752 3037 quae
801 2972 889 3020 est
942 2962 1301 3034 intellectus,
1362 2973 1651 3038 quatenus
1707 2964 2054 3037 pronuntiat
2109 2962 2268 3022 circa

289 3051 768 3109 convenientiam
824 3061 1061 3109 actuum
1116 3062 1457 3111 nostrorum
1501 3070 1636 3109 cum
1682 3051 1816 3127 lege
1858 3051 2087 3110 morali.
2174 3054 2266 3111 De

289 3139 659 3198 conscientia
701 3141 912 3198 morali
955 3158 1152 3199 sermo
1196 3140 1308 3199 erit
1347 3140 1410 3198 in
1452 3141 1663 3200 ethica.

407 3229 699 3286 Memoria
739 3229 955 3288 dicitur
995 3229 1348 3302 intellectuS,
1394 3240 1683 3304 quatenus
1722 3230 1955 3306 species
1982 3230 2266 3307 intellegi-

287 3315 437 3373 biles
480 3328 794 3375 conservat
835 3328 922 3388 et,
980 3337 1089 3392 per
1136 3320 1521 3378 reflexionem
1577 3319 1639 3377 in
1694 3338 1863 3377 suum
1918 3331 2113 3378 actum
2135 3366 2149 3391 ,
2206 3332 2266 3379 ut

290 3405 595 3477 quondam
637 3404 868 3463 habitas
908 3408 1304 3480 recognoscit.
