2367 3850
449 170 528 208 DE
567 171 970 208 SIMPLICITATE
1011 171 1082 208 ET
1120 170 1597 208 SPIRITUALITATE
1635 171 1751 210 DEI.
1984 169 2087 223 207

878 346 1209 395 ART1cuLus
1250 358 1324 395 IV.

326 459 423 508 DE
461 460 954 510 SIMPLICITATE
992 461 1082 510 ET
1120 459 1700 510 SPIRITUALITATE
1738 459 1875 508 DEI.

362 587 398 655 ξ
441 606 484 642 1.
542 594 886 657 Simplicitas
923 601 979 642 et
1015 594 1375 658 spiritualitas
1414 595 1520 643 Dei
1558 595 1838 656 probatur.

236 724 456 774 Thesis.
530 717 697 774 Deus
738 725 823 774 est
857 718 1096 794 simplex
1135 717 1361 775 omnino
1402 717 1718 774 substantia
1756 717 2087 793 spiritualis.

239 856 427 904 status
465 857 837 918 quaestionis.
905 849 1135 908 Scimus
1176 867 1251 908 ex
1287 846 1673 924 praecedenti
1714 847 1865 906 thesi
1892 849 2091 908 Deum

123 951 248 993 esse
288 936 672 995 substantiam
714 937 1054 996 distinctam
1096 958 1130 995 a
1175 938 1399 997 mundo
1455 948 1515 995 et
1556 955 1735 1013 supra
1773 936 1967 1013 ipsum
2008 937 2091 996 in·

124 1023 428 1084 effabiliter
470 1026 787 1086 excelsum.
857 1028 986 1085 Iam
1012 1045 1158 1086 vero
1189 1026 1490 1102 quaeritur
1530 1027 1610 1085 de
1652 1027 1893 1085 entitate
1922 1025 2092 1084 huius

123 1111 428 1173 ineffabilis
472 1116 848 1176 substantiae.
935 1117 1132 1191 Quam
1175 1115 1419 1190 quidem
1465 1115 1771 1176 entitatem
1812 1115 1911 1175 hic
1952 1133 2091 1174 con-

125 1201 409 1263 tendimus
463 1214 663 1270 tantae
708 1223 838 1265 esse
879 1205 1265 1282 perfectionis
1281 1250 1297 1279 ,
1352 1216 1417 1264 ut
1458 1225 1493 1263 a
1533 1207 1669 1264 Deo
1726 1204 2091 1264 removenda

127 1291 198 1346 sit
247 1291 434 1352 omnis
489 1294 847 1370 compositio
901 1295 1148 1370 physica
1203 1305 1263 1354 et
1318 1294 1723 1371 metaphysica
1777 1293 1954 1369 eique
1996 1293 2091 1353 tri-

128 1380 356 1440 buenda
375 1382 772 1458 spiritualitas
813 1385 1081 1460 perfecta
1105 1385 1138 1442 ¹.

243 1470 410 1544 Quae
451 1473 632 1531 thesis
674 1473 940 1532 statuitur
981 1483 1192 1532 contra
1232 1490 1615 1532 communem
1643 1490 1908 1531 errorem
1948 1489 2090 1548 gen-

130 1557 333 1630 tilium,
391 1561 494 1635 qui
549 1563 748 1620 Deum
802 1563 1205 1639 corporalium
1258 1563 1661 1620 membrorum
1715 1561 2091 1620 lineamentis

132 1647 522 1708 circumscribi
578 1661 930 1726 putaverunt
945 1697 958 1722 ,
1015 1669 1259 1710 necnon
1314 1661 1524 1709 contra
1578 1650 1985 1709 materialistas
2032 1661 2091 1709 et

133 1737 479 1810 pantheistas
520 1757 748 1813 omneS,
793 1740 870 1799 de
912 1739 1126 1815 quibus
1167 1759 1361 1817 supra.

241 1827 606 1904 Theologice
651 1825 867 1888 autem
889 1839 1154 1905 spectata
1200 1829 1381 1888 thesis
1420 1839 1625 1888 nostra
1661 1829 1789 1904 fide
1827 1827 2090 1888 tenenda

135 1923 228 1973 est.
304 1917 576 1977 Etenim:

205 2000 214 2011 ’
247 2026 294 2063 1.
340 2006 627 2083 «Spiritus
669 2018 758 2067 est
786 2011 1002 2080 Deus,>›
1054 2009 1201 2068 dicit
1229 2008 1495 2067 Christus
1523 2007 1818 2066 Dominus
1859 2006 2090 2066 mulieri

135 2094 551 2170 Samaritanae,
603 2108 698 2157 «et
739 2099 840 2173 qui
883 2097 1135 2157 adorant
1177 2115 1330 2170 eum,
1388 2098 1452 2155 in
1493 2096 1700 2173 spiritu
1744 2106 1805 2155 et
1844 2097 2087 2156 veritate

135 2195 353 2259 oportet
393 2186 684 2245 adorare»
733 2185 843 2259 (10.
888 2208 943 2260 4,
993 2181 1105 2261 24).

245 2295 292 2332 2.
335 2274 677 2334 Concilium
717 2294 862 2335 vero
891 2276 1247 2334 Vaticanum
1290 2275 1469 2333 docet
1496 2276 1691 2333 Deum
1721 2292 1850 2333 esse
1885 2293 2086 2346 unam,

136 2362 477 2437 singularem
492 2411 507 2437 ,
577 2367 873 2442 simplicem
941 2366 1163 2423 omnino
1232 2374 1293 2423 et
1350 2364 1899 2422 incommutabilem
1960 2364 2090 2421 sub·

135 2454 388 2511 stantiam
429 2456 798 2530 spiritualem.

238 2544 376 2601 Hoc
418 2542 582 2602 idem
624 2544 742 2603 iam
785 2554 960 2603 antea
1001 2543 1233 2603 Concil.
1278 2545 1407 2601 Lat.
1452 2544 1539 2600 IV
1579 2542 1906 2601 definierat.

238 2685 442 2735 Thesis
476 2686 733 2749 probatio
775 2694 884 2753 per
925 2686 1140 2753 partes,

238 2794 390 2854 Pars
429 2798 481 2853 J.
553 2796 720 2854 Deus
759 2804 841 2854 est
877 2797 1192 2855 substantia
1228 2805 1467 2868 simplex
1501 2796 1741 2852 omnine.
1800 2793 2089 2850 Probatur

246 2932 291 2969 1.
335 2911 690 2985 Argumenta
710 2914 986 2986 generali.
1049 2906 1106 2988 a)
1135 2914 1301 2971 Deus
1334 2922 1423 2971 est
1449 2929 1545 2969 ens
1572 2930 1611 2967 a
1637 2927 1707 2967 se.
1772 2907 1893 2966 Sed
1923 2906 2089 2983 quid-

137 2998 264 3072 quid
316 3012 406 3059 est
459 3002 521 3059 in
564 3012 703 3060 ente
745 3021 780 3059 a
821 3020 914 3073 se,
973 3011 1061 3060 est
1102 3002 1295 3077 ipsum
1350 3019 1480 3060 esse
1535 3009 1670 3058 actu
1725 3015 1833 3074 per
1888 3014 1951 3055 se
1995 3013 2088 3054 ex-

209 3190 212 3193 ’
247 3195 262 3225 ¹
297 3196 437 3258 Quid
474 3197 537 3246 sit
574 3196 895 3261 simplicitaS,
936 3196 1060 3260 quid
1097 3203 1149 3244 et
1185 3192 1463 3259 quotuplex
1501 3191 1833 3257 compositio,
1878 3190 2001 3255 quid
2038 3198 2088 3238 et

139 3277 392 3341 quotuplex
429 3275 768 3341 spiritualitaS,
807 3270 978 3325 recole
1016 3291 1078 3325 ex
1116 3276 1194 3335 iis,
1235 3290 1363 3340 quae
1401 3274 1452 3321 in
1486 3270 1874 3335 anthropologia
1898 3267 2087 3336 (supra

137 3372 176 3418 p.
219 3367 307 3421 105
349 3364 399 3407 et
443 3355 568 3423 116)
609 3358 865 3407 declarata
903 3366 1035 3406 sunt.
