2367 3850
157 227 311 263 SENT.
354 227 681 265 ERRONEAE
721 229 795 265 DE
834 230 1087 266 RATIONE
1128 229 1516 267 MORALITATIS
1557 231 1954 268 REFUTANTUR.
2039 219 2140 281 283

266 375 378 433 IV.
443 377 549 432 De
597 379 869 434 sententia
922 377 1260 435 scholastica.
1347 377 1692 436 scholastici
1749 379 2144 438 communiter

152 463 533 538 distinguunt
588 466 740 524 inter
792 466 1136 524 moralitatis
1192 483 1464 526 normam
1520 467 1853 542 proximam
1911 479 1970 526 et
2011 486 2144 526 nor·

151 571 311 610 mam
356 563 681 613 remotam.
766 555 995 612 Norma
1036 573 1179 614 vero
1221 555 1569 614 moralitatis
1610 556 1826 615 dicitur
1867 558 2016 615 ratio
2057 558 2142 615 ob-

149 641 385 711 iecffva,
452 661 575 717 qua
626 644 959 702 actionibus
1014 645 1289 702 humanis
1330 645 1610 703 honestas
1651 647 1745 704 vel
1801 645 2144 704 inhonestas

150 731 243 788 vel
283 730 703 789 indifferentia
746 733 1041 804 convenit,
1084 741 1360 807 quatenus
1387 740 1471 791 est
1505 735 1710 808 regula
1735 753 1832 792 seu
1859 734 2144 792 criterium

148 820 471 878 intellectus
510 822 695 878 nostri
730 823 791 878 in
845 821 1208 879 diiudicanda
1257 823 1535 880 actionum
1587 824 1863 898 qualitate
1887 825 1920 881 ¹.
2007 823 2144 896 Qua

151 907 548 967 distinctione
589 908 869 980 adhibita,
914 909 1002 968 sic
1041 910 1298 969 docent:

278 1018 330 1056 1.
395 999 630 1056 Norma
658 1001 936 1074 proxima
988 999 1274 1058 bonitatis
1329 1010 1388 1058 et
1428 999 1689 1059 malitiae
1743 1001 1988 1059 moralis
2029 1020 2140 1076 pro

152 1086 409 1146 homine
469 1097 559 1145 est
612 1085 877 1146 eiusdem
920 1097 1130 1146 natura
1170 1087 1474 1147 rationalis
1491 1135 1505 1161 ‚
1562 1090 1644 1147 ita
1681 1099 1746 1146 ut
1788 1089 1936 1148 ratio
1979 1089 2144 1147 boni-

154 1177 285 1233 tatis
328 1177 434 1235 vel
472 1175 732 1235 malitiae
760 1175 999 1236 moralis
1028 1178 1330 1235 actionum
1357 1179 1766 1250 humanarum,
1800 1178 2144 1252 formaliter

154 1265 561 1336 considerata,
604 1265 885 1324 consistat
931 1266 994 1324 in
1030 1266 1454 1326 convenientia
1483 1268 1578 1324 vel
1607 1267 2142 1336 disconvenientia,

158 1371 341 1426 quam
372 1356 648 1430 proxime
688 1355 912 1413 habent
952 1373 1087 1414 cum
1129 1355 1361 1413 ratione
1391 1357 1652 1414 humana
1679 1356 1961 1431 practica,
2005 1375 2142 1430 qua·

157 1451 330 1501 tenus
373 1445 531 1502 haec
570 1444 946 1502 essentialem
988 1454 1234 1502 naturae
1276 1445 1571 1503 humanae
1611 1445 1915 1504 rationalis
1957 1445 2144 1503 direc-

165 1529 394 1590 tionem
439 1531 501 1589 in
544 1534 725 1590 finem
769 1531 1024 1591 exhibet.

284 1641 339 1679 2.
384 1621 617 1679 Norma
658 1622 859 1678 ultima
898 1621 1181 1680 bonitatis
1237 1632 1297 1680 et
1352 1620 1610 1680 malitiae
1653 1621 1895 1680 moralis
1937 1641 2142 1680 earun-

166 1707 303 1766 dem
346 1709 654 1768 actionum
696 1720 785 1768 est
824 1709 955 1785 ipsa
996 1709 1252 1768 essentia
1294 1711 1512 1781 divina,
1557 1709 1640 1769 ita
1680 1721 1744 1768 ut
1783 1710 1934 1768 ratio
1977 1711 2142 1768 boni·

166 1797 294 1856 tatis
336 1799 438 1858 vel
472 1796 731 1856 malitiae
760 1798 999 1857 moralis
1027 1799 1327 1857 actionum
1356 1800 1766 1870 humanarum,
1798 1799 2143 1873 formaliter

166 1887 559 1969 considerata,
592 1887 874 1947 consistat
893 1887 954 1946 in
976 1886 1395 1948 convenientia
1413 1889 1508 1947 vel
1529 1887 1928 1960 difformitate,
1960 1906 2138 1963 quam

167 1978 357 2035 ultimo
418 1978 648 2036 habent
708 1996 843 2035 cum
902 1977 1132 2037 ratione
1203 1970 1406 2035 divina
1474 1976 1882 2053 conspiciente
1943 1996 2140 2036 rerum

163 2067 447 2125 essentias
504 2077 564 2124 et
619 2067 937 2125 relationes
990 2066 1330 2126 necessario
1385 2084 1458 2125 ex
1513 2066 1654 2142 ipsis
1695 2067 2022 2125 defluentes
2076 2067 2138 2123 in

166 2155 674 2231 contemplatione
716 2155 1008 2215 essentiae
1049 2154 1288 2214 divinae
1311 2157 1349 2214 ².

935 2334 1268 2382 Anncums
1307 2346 1366 2383 11.

448 2446 897 2496 SENTENTIAE
935 2445 1325 2495 ERRONEAE
1363 2444 1853 2495 REFUTANTUR.

298 2584 333 2651 ξ
378 2600 422 2635 ι.
483 2588 819 2635 Refutantur
855 2587 1244 2637 utilitatismus
1281 2595 1338 2636 et
1375 2588 1735 2650 empirismus
1773 2586 2013 2635 moralis.

280 2708 707 2767 Utilitarismus
738 2719 796 2767 et
825 2708 1200 2784 empirismus
1230 2708 1486 2780 moralis,
1532 2724 1913 2782 quocumque
1955 2707 2138 2764 modo

164 2796 313 2855 haec
372 2807 698 2875 systemata
755 2808 1242 2873 propugnantur,
1305 2806 1578 2856 evertunt
1631 2795 2023 2854 moralitatem
2081 2805 2141 2851 et

168 2886 387 2945 ducunt
428 2887 510 2945 ad
552 2886 892 2945 absurdum.
979 2888 1248 2949 Etenim:

285 2997 335 3034 1.
382 2978 478 3033 Ex
519 2976 606 3047 iis,
653 2992 807 3050 quae
836 2994 1014 3050 supra
1043 2971 1123 3051 (p.
1160 2993 1269 3050 272
1294 2968 1451 3049 sqq.)
1481 2973 1930 3042 declaravimuS,
1972 2982 2138 3029 certo

166 3066 381 3123 scimus
452 3082 585 3123 esse
645 3062 1041 3123 moralitatem
1096 3064 1402 3139 quandam
1458 3062 1707 3121 obiectis
1760 3062 2138 3127 intrinsecam,

166 3155 555 3222 necessariam,
598 3154 994 3211 immutabilem
1010 3198 1026 3221 ,
1088 3172 1244 3228 quae
1287 3169 1410 3210 non
1453 3161 1649 3227 potest
1689 3148 1931 3224 concipi
1972 3148 2140 3205 aliter

284 3330 301 3362 ¹
346 3331 604 3391 Catkrein,
644 3331 773 3380 Phil.
814 3347 937 3379 mor.
982 3347 1035 3394 p.
1077 3331 1159 3393 58.

283 3411 307 3443 ²
344 3412 426 3461 Cf.
471 3412 706 3461 Cathrein
743 3411 777 3461 l.
817 3427 861 3460 c.
898 3426 949 3474 p.
992 3421 1059 3471 70
1095 3420 1147 3458 et
1181 3410 1358 3472 Meyer
1389 3408 1422 3457 1.
1461 3423 1504 3455 c.
1543 3407 1584 3465 Ι,
1631 3415 1726 3465 147
1765 3420 1874 3466 sqq.
