2367 3850
1267 0 1282 13 ς
1297 0 1316 12 v
1339 0 1613 26 νηνφᾳῑς-ερςζ,
1654 25 1657 28 ἢ
1682 23 1709 30 ..
1748 19 1765 34 ἱ

1626 29 1637 31 -
1668 33 1671 38 .
1776 29 1781 36 .

307 210 405 272 198
929 218 1258 256 ‘ruzoLomA
1298 217 1640 254 Nummus,

1071 393 1406 440 Anncums
1446 403 1505 440 11.

974 511 1072 561 DE
1110 509 1429 560 UNITATE
1468 511 1607 560 DEI.

418 656 642 706 Theoie.
719 647 886 704 Deus
926 651 1010 704 est
1047 646 1257 704 unims.

421 789 614 838 status
653 786 1026 850 quaestionis.
1109 779 1315 836 Unum
1333 821 1347 847 ,
1394 793 1467 836 ex
1509 775 1846 852 ontologia,
1890 775 2094 835 scimus
2132 795 2245 836 esse

301 869 381 940 id,
425 867 591 944 quod
631 877 722 927 est
761 866 1077 926 indivisum
1106 866 1170 925 in
1213 883 1277 925 se
1319 875 1378 924 et
1418 865 1673 924 divisum
1714 885 1752 923 a
1792 865 2053 941 quolibet
2090 866 2195 925 alio
2214 868 2245 925 ¹.
2331 838 2332 900 ¹

420 957 746 1032 Quomodo
765 958 932 1016 Deus
951 957 1024 1014 sit
1040 956 1318 1015 indimkus
1334 957 1397 1014 in
1415 974 1491 1025 se,
1522 953 1585 1012 in
1612 955 1764 1014 thesi
1794 955 1873 1014 de
1902 955 2245 1032 simplicitate

301 1048 418 1106 Dei
460 1045 916 1106 declarabimus.
974 1044 1098 1104 Hic
1127 1054 1323 1104 autem
1352 1045 1529 1105 unice
1558 1043 1928 1120 inquirimus,
1972 1045 2249 1120 quomodo

300 1139 463 1196 Deus
503 1136 578 1195 sit
617 1137 831 1194 divitus
870 1155 909 1192 a
947 1135 1197 1210 quolibet
1231 1135 1365 1203 alie,
1410 1133 1491 1192 ita
1531 1143 1594 1192 ut
1633 1134 1712 1192 ad
1754 1134 2075 1210 specialem
2114 1134 2251 1192 illam

295 1225 582 1285 unitatem
635 1226 1038 1296 attendamus,
1090 1242 1274 1300 quam
1324 1225 1647 1281 um'dtatem
1700 1223 1763 1280 in
1820 1224 2123 1299 ontologia
2172 1242 2257 1281 vo-

300 1315 562 1374 cavimus
581 1314 620 1373 ¹.
705 1317 908 1373 Potest
947 1331 1092 1372 vero
1137 1312 1389 1372 unicitas
1443 1313 1543 1370 illa
1597 1330 1727 1372 esse
1781 1312 2131 1389 imperfecta
2176 1315 2255 1372 vel

301 1405 588 1482 perfecta.

420 1493 694 1553 Unicitas
748 1494 1084 1570 imperfecta
1123 1502 1215 1552 est
1254 1491 1343 1552 rei
1384 1491 1577 1551 unitas
1614 1492 1749 1552 talis
1765 1538 1780 1565 ,
1836 1503 1901 1551 ut
1940 1491 2263 1553 excludatur

301 1582 642 1642 exsistentia
697 1583 938 1641 actualis
993 1582 1241 1658 quidem
1300 1582 1453 1641 entis
1513 1581 1777 1641 eiusdem
1839 1582 2069 1642 ordinis
2082 1628 2096 1654 ,
2152 1600 2263 1640 non

303 1682 500 1731 autem
543 1671 881 1731 exsistentia
921 1671 1237 1748 possibilis,
1322 1671 1421 1729 Sic
1462 1671 1685 1742 PetruS,
1728 1672 1778 1730 si
1817 1673 1979 1731 solus
2020 1682 2108 1732 est
2130 1671 2263 1730 filius

305 1761 579 1839 Philippi,
624 1761 840 1820 dicitur
881 1761 1150 1821 eiusdem
1192 1761 1342 1819 filius
1382 1760 1608 1820 unicus.

425 1850 698 1911 Unicitas
724 1868 870 1910 vero
899 1849 1168 1929 perfecta
1210 1860 1300 1909 est
1324 1850 1411 1910 rei
1439 1849 1633 1908 unitas
1658 1849 1808 1921 talis,
1845 1860 1912 1908 ut
1938 1851 2266 1910 excludatur

309 1941 648 2001 exsistentia
696 1958 822 2000 non
881 1943 1070 2001 solum
1127 1941 1373 2000 actualis
1428 1939 1535 1999 sed
1590 1939 1769 1999 etiam
1798 1942 2084 2017 possibilis
2134 1941 2270 2000 entis

2336 1654 2338 1732 ί

2338 1964 2340 2029 l

307 2030 575 2090 eiusdem
617 2030 890 2089 entitatiS.
977 2031 1237 2105 Qualem
1276 2030 1622 2089 unicitatem
1659 2031 1796 2089 Deo
1837 2030 2144 2090 tribuimus
2178 2030 2268 2102 ita,

307 2129 370 2178 ut
423 2137 628 2179 sensus
684 2120 864 2179 thesis
918 2128 1158 2179 nostrae
1214 2118 1317 2178 sit:
1379 2120 1546 2179 Deus
1600 2129 1690 2179 est
1742 2119 1953 2178 unicus
2005 2120 2272 2178 unicitate

310 2209 595 2284 perfecta.

432 2314 615 2374 Cuius
655 2315 967 2374 doctrinae
1009 2314 1335 2374 adversarii
1376 2326 1540 2374 sunt:

438 2434 485 2472 1.
531 2412 946 2488 Polytheistae‚
991 2430 1249 2489 quorum
1291 2412 1609 2489 opiniones
1651 2432 1861 2473 omnes
1900 2423 2138 2473 norunt.

433 2522 485 2561 2.
531 2502 890 2574 Manichaei,
940 2502 1043 2578 qui
1089 2503 1243 2562 duce
1292 2504 1534 2562 Manete
1584 2497 1761 2577 (saec.
1810 2506 1897 2561 III
1944 2523 2003 2580 p.
2048 2504 2156 2563 Ch.
2200 2500 2279 2578 n.)

310 2591 784 2668 antiquissimum
824 2593 1138 2651 Persarum
1179 2593 1405 2668 dogma
1444 2592 1907 2665 innovaverunt,
1960 2594 2281 2653 secundum

312 2682 477 2756 quod
536 2680 657 2740 duo
717 2699 915 2741 rerum
975 2681 1274 2758 principia
1334 2692 1532 2742 essent
1592 2682 1992 2755 admittenda,
2060 2684 2283 2743 bonum

314 2773 580 2842 alterum,
625 2772 874 2831 alterum
915 2773 1156 2831 malum.

432 2862 630 2919 Deum
657 2860 899 2919 unicum
932 2879 1080 2934 esse,
1107 2862 1236 2938 fide
1272 2869 1481 2920 certum
1516 2871 1621 2921 est.
1691 2861 1753 2920 Si
1795 2860 2039 2938 quidem
2070 2863 2283 2923 Sacrae

315 2950 654 3027 Scripturae
681 2950 990 3010 veritatem
1020 2950 1180 3009 illam
1208 2960 1271 3009 ut
1298 2950 1523 3026 dogma
1550 2950 1725 3010 totius
1754 2949 2058 3026 religionis
2084 2952 2285 3013 funda-

313 3040 570 3099 mentale
601 3040 990 3115 proclamant.
1046 3041 1116 3097 In
1143 3040 1619 3099 Deuteronomio
1650 3060 1701 3100 e.
1732 3059 1788 3116 g.
1818 3039 2099 3116 legimus:
2136 3044 2285 3102 ‹Do-

313 3128 508 3187 minus
548 3129 677 3203 ipse
721 3138 810 3187 est
836 3129 1001 3188 Deus
1043 3139 1103 3188 et
1141 3146 1271 3187 non
1312 3139 1401 3189 est
1441 3130 1587 3189 alius
1614 3140 1853 3206 praeter
1881 3148 2055 3189 eum»
2091 3126 2283 3208 (Deut

314 3238 369 3290 4,
416 3212 532 3295 35).
563 3249 644 3258 —
672 3219 750 3276 Et
777 3220 843 3277 B.
875 3219 1118 3277 Paulus:
1167 3217 1488 3290 «Scimus»
1539 3219 1749 3296 inquit,
1800 3220 2001 3295 <quod
2029 3220 2177 3281 nihil
2205 3234 2285 3283 est

443 3408 460 3440 ¹
501 3410 578 3459 Cf.
617 3410 716 3458 vol.
755 3411 794 3470 1,
837 3424 938 3471 242
979 3428 1053 3476 sq.
1203 3409 1226 3441 ²
1264 3413 1341 3462 Cf.
1382 3413 1483 3463 vol.
1523 3414 1563 3475 1,
1606 3426 1724 3478 243.
