2367 3850
765 179 841 215 DE
883 179 1123 216 ORIGINE
1164 180 1432 217 HOMINIS.
1989 180 2084 231 13⁷

84 325 513 396 generantium
557 327 651 384 vel
696 337 1009 402 parentum
1051 337 1111 386 et
1152 326 1422 386 filiorum.
1495 327 1668 401 Quae
1709 329 1909 400 series,
1953 348 2089 388 cum

84 412 317 470 infinita
348 425 495 474 actu
524 433 653 473 esse
682 434 810 474 non
838 416 1023 491 possit
1044 417 1078 486 ¹,
1121 416 1348 492 primos
1375 417 1658 493 supponit
1686 429 2086 494 generatoreS‚

86 500 187 575 qui
229 501 351 577 ipsi
398 504 478 562 ab
522 503 653 561 aliis
694 503 1037 564 hominibus
1076 523 1202 563 non
1245 503 1362 564 sint
1401 506 1688 581 generati.

204 600 497 673 Quorum
556 600 851 676 originem
907 603 1073 676 quod
1130 602 1368 673 attinet,
1432 604 1584 662 haec
1637 604 1900 664 breviter
1957 614 2091 663 sunt

86 687 497 747 declaranda:

214 799 265 835 1.
329 779 559 836 Anima
613 779 917 837 rationalis
975 779 1303 857 primorum
1360 792 1674 856 parentum
1726 793 1892 841 certo
1948 782 2090 842 oriri

89 885 212 925 non
258 867 467 943 potuit
510 887 583 926 ex
626 867 966 926 evolutione
1009 868 1296 928 materiae
1315 915 1328 940 ‚
1373 879 1516 946 puta
1555 871 1916 930 nebulosae:
1966 883 2093 930 erat

90 956 251 1013 enim
273 958 619 1032 spiritualis.
678 959 853 1016 Haec
882 958 1083 1016 anima
1110 959 1368 1034 proinde
1397 978 1434 1016 a
1453 960 1589 1018 Deo
1617 970 1745 1018 erat
1771 961 2033 1020 creanda
2053 962 2092 1020 ².

214 1065 269 1103 2.
348 1045 577 1122 Corpus
636 1065 783 1106 vero
843 1045 1170 1123 primorum
1233 1058 1548 1122 parentum
1615 1067 1688 1116 ex
1756 1049 2095 1108 evolutione

93 1135 393 1193 materiae
449 1137 558 1194 sub
599 1135 822 1194 influxu
863 1135 1067 1194 divino
1109 1137 1252 1195 oriri
1293 1140 1546 1214 potuisse
1560 1183 1577 1208 ,
1635 1137 1852 1198 rationi
1895 1134 2096 1212 (meta-

94 1220 374 1300 physice)
434 1243 560 1283 non
622 1235 931 1301 repugnat.
1018 1226 1345 1300 Quomodo
1400 1245 1545 1286 vero
1600 1228 1668 1285 de
1707 1225 1878 1302 facto
1923 1229 2094 1287 effor-

94 1323 327 1372 matum
372 1313 467 1384 sit,
520 1313 825 1389 Scriptura
866 1316 1047 1373 Sacra
1092 1310 1272 1388 (Gen.
1308 1335 1359 1386 2,
1408 1333 1458 1390 7.
1496 1335 1587 1374 21.
1625 1311 1720 1390 22)
1761 1318 2096 1376 declaratur

92 1413 151 1458 et
182 1403 460 1461 scientiis
492 1403 857 1462 naturalibus
898 1403 1213 1478 inquiritur
1233 1405 1270 1462 ⁸.
1344 1405 1576 1478 Quibus
1616 1404 2094 1482 inquisitionibus

94 1490 155 1549 id
198 1490 326 1549 iam
360 1492 643 1550 effectum
672 1502 778 1565 est,
822 1501 903 1564 ut,
946 1492 1242 1568 quidquid
1273 1494 1350 1552 de
1377 1492 1768 1570 possibilitate
1796 1493 1966 1552 huius
2008 1493 2093 1552 rei

92 1579 519 1656 metaphysica
574 1581 797 1640 docent
811 1627 826 1653 ,
876 1592 1077 1658 corpus
1115 1582 1427 1641 humanum
1470 1601 1542 1642 ex
1585 1583 1924 1642 evolutione
1967 1601 2093 1642 cor-

94 1687 317 1744 porum
348 1671 697 1728 animalium
728 1671 1051 1742 brutorum,
1082 1683 1225 1748 puta
1253 1671 1572 1740 simiarum,
1603 1672 1682 1730 de
1712 1673 1870 1730 facto
1899 1683 2090 1730 ortum

98 1777 251 1828 esse,
298 1777 430 1817 non
472 1759 585 1820 nisi
628 1761 704 1818 ab
733 1759 1009 1819 illiterato
1038 1770 1099 1820 et
1125 1760 1505 1835 imprudente
1533 1761 1815 1819 affirmari
1844 1761 2028 1838 possit
2053 1764 2088 1820 ⁴.

226 1867 279 1922 3.
322 1849 558 1907 Omnes
586 1849 860 1908 homines
886 1851 1056 1908 unius
1083 1857 1139 1907 et
1162 1851 1400 1908 eiusdem
1429 1869 1542 1908 esse
1566 1851 1777 1927 speciei,
1808 1867 1881 1908 ex
1910 1851 2096 1909 scien-

102 1937 321 1995 tiarum
366 1938 600 2014 placitis
655 1938 771 1997 iam
816 1950 983 1998 certo
1027 1950 1277 1999 constat.
1376 1941 1683 1999 Unitatem
1738 1958 1880 1999 vero
1935 1940 2093 1998 illam

100 2027 289 2085 talem
347 2046 515 2095 esse,
572 2038 635 2085 ut
688 2038 876 2086 totum
930 2047 1119 2103 genus
1172 2030 1496 2087 humanum
1552 2047 1624 2088 ex
1680 2030 1859 2088 unico
1902 2029 2096 2104 primo

101 2126 277 2189 patre
306 2127 369 2175 et
397 2115 575 2175 unica
604 2117 794 2192 prima
822 2128 1011 2177 matre
1033 2113 1253 2193 (Adam
1276 2128 1336 2177 et
1355 2113 1504 2193 Eva)
1535 2118 1828 2194 originem
1848 2118 2093 2189 duxerit,

84 2206 215 2279 fide
256 2216 487 2264 certum
518 2218 621 2278 est,
667 2218 726 2265 et
768 2206 1145 2266 scientiarum
1175 2207 1652 2283 inquisitionibus
1693 2218 1756 2267 ut
1783 2206 2098 2266 verisimile

104 2296 539 2371 comprobatur
560 2298 597 2353 ⁵.

239 2469 257 2501 ¹
293 2472 372 2521 Cf.
412 2472 513 2522 vol.
553 2474 592 2532 1,
634 2484 731 2538 351
777 2491 887 2539 sqq.
1035 2472 1057 2504 ²
1096 2474 1171 2525 Cf.
1213 2492 1365 2539 supra
1404 2492 1456 2539 p.
1503 2486 1616 2536 131.

236 2551 257 2582 ⁸
296 2552 375 2601 Cf.
404 2554 449 2601 I.
478 2554 539 2602 B.
569 2555 693 2613 Pelt,
731 2554 958 2603 Histoire
998 2556 1061 2603 de
1099 2554 1337 2603 l’Ancien
1363 2556 1655 2603 Testament
1681 2556 1704 2602 I
1733 2553 1839 2617 (ed.
1871 2567 1917 2616 3,
1960 2553 2098 2603 Paris

118 2629 303 2695 1901),
346 2642 412 2697 52
453 2650 563 2698 sqq.
922 2660 937 2675 .

240 2709 259 2741 ⁴
297 2712 376 2761 Cf.
416 2713 636 2763 Lekmen
676 2714 708 2762 1.
750 2732 793 2763 c.
834 2731 883 2779 p.
928 2724 1023 2777 521
1060 2731 1169 2779 sqq.
1218 2714 1496 2774 Bumic‘ller,
1538 2714 1747 2763 Mensch
1787 2714 1912 2761 oder
1950 2713 2096 2761 Affe?

112 2792 455 2857 Ravensburg
500 2806 649 2853 1900.

241 2868 259 2899 ⁸
301 2873 479 2921 «Dans
516 2872 657 2922 l'etat
694 2874 858 2923 actuel
897 2876 960 2923 de
999 2876 1047 2923 la
1084 2874 1309 2934 science,
1350 2873 1526 2923 l'unite
1567 2873 1843 2938 specifique
1882 2874 1946 2921 de
1987 2881 2098 2921 tous

114 2952 191 2998 les
233 2960 375 3016 types
414 2953 646 3003 humains
685 2955 917 3019 presents
954 2971 1023 3004 ou
1059 2956 1232 3022 passes
1269 2963 1390 3019 peut
1427 2954 1532 3003 &tre
1571 2953 1867 3003 consideree
1907 2968 2098 3001 comme

115 3032 337 3080 certaine
356 3070 368 3093 ‚
426 3032 590 3082 meme
628 3035 934 3083 abstraction
972 3035 1089 3083 faite
1128 3036 1192 3083 de
1245 3050 1303 3083 ce
1354 3050 1451 3099 que
1502 3050 1630 3082 nous
1682 3050 1745 3081 en
1790 3048 1972 3081 savons
2008 3047 2101 3095 par

118 3110 365 3161 l'histoire
403 3122 457 3162 et
492 3130 585 3177 par
621 3115 671 3162 la
708 3115 937 3164 doctrine
975 3115 1190 3163 revelee.
1230 3140 1301 3148 —-
1337 3114 1483 3163 Est-il
1519 3113 1705 3179 permis
1757 3110 1933 3159 d'aller
1987 3112 2100 3175 plus

120 3191 231 3239 loin
269 3202 318 3239 et
353 3192 643 3255 d'affirmer,
684 3211 747 3243 au
785 3210 901 3243 nom
942 3196 1005 3243 de
1043 3196 1093 3243 la
1130 3194 1328 3261 science
1365 3209 1433 3242 ou
1471 3193 1534 3241 de
1579 3190 1957 3255 l’arche'ologie,
1998 3206 2101 3238 non

123 3271 399 3320 seulement
438 3272 613 3323 l’unite
652 3273 905 3341 d'espece,
946 3275 1069 3323 mais
1106 3273 1268 3322 meme
1307 3270 1491 3322 l'unite'
1519 3274 1758 3336 d’ortjgine
1795 3271 1859 3318 de
1898 3269 2101 3318 l’huma-

122 3350 263 3399 nite'?
333 3353 473 3402 Tous
524 3354 599 3403 les
649 3354 900 3403 membres
953 3355 1015 3402 de
1066 3354 1116 3401 la
1152 3353 1338 3401 famille
1377 3353 1615 3418 humaine·
1661 3349 2002 3407 descendent,
2052 3348 2101 3395 la
