2367 3850
1796 0 1840 20 T:
1863 0 2299 168 Γτῑςῑῑ-ν-ΠἾ

2261 57 2274 76 ¹.»

2293 190 2301 205 -1

241 148 337 209 136
660 159 1166 196 ANTHROPOLOGIA.
1236 159 1371 194 PARS
1412 157 1793 194 SYNTHETICA.

352 308 526 366 Haec
578 305 781 365 ultima
836 305 1131 364 sententia
1171 305 1354 364 hodie
1397 305 1551 364 inter
1591 304 2002 381 philosophos
2045 302 2220 360 multo

232 395 603 454 communior
645 406 734 453 est
756 397 789 454 ¹.

350 486 421 542 In
477 483 970 560 disputationibus
1026 502 1169 542 vero
1225 483 1566 542 theoreticis
1606 482 1722 543 hac
1764 484 1844 542 de
1889 501 1960 540 re
2009 499 2224 555 magna

233 573 627 632 concedenda
654 583 743 630 est
768 571 1037 646 libertas3
1080 572 1326 647 quando
1355 583 1551 631 autem
1579 573 1640 630 in
1669 572 1839 648 praxi
1867 571 2064 630 tutior
2105 587 2224 628 sen-

231 661 414 720 tentia
456 661 732 736 eligenda
774 661 862 733 sit,
907 661 1130 720 docent
1171 661 1527 720 moralistae.

1060 831 1278 889 CAPUT
1321 847 1380 888 11.

754 945 866 1001 DE
910 945 1265 1016 ORIGINE
1309 944 1683 1004 HOMINIS.

1013 1070 1345 1116 ARTlctJLUs
1387 1080 1420 1116 1.

624 1175 721 1222 DE
760 1173 1082 1222 PROXIMA
1118 1173 1464 1223 HOMINUM
1503 1173 1818 1222 ORIGINE.

356 1283 627 1360 Singulas
682 1284 909 1343 animas
966 1285 1256 1343 humanas
1310 1284 1525 1342 scimus
1581 1303 1616 1342 a
1670 1284 1808 1342 Deo
1867 1281 2216 1341 immediate

234 1373 439 1431 creari.
512 1373 631 1432 Sed
660 1375 843 1432 homo
872 1392 998 1431 non
1026 1384 1115 1432 est
1156 1373 1356 1432 anima
1397 1383 1624 1432 tantum
1667 1372 1772 1431 sed
1816 1371 2216 1448 compositum

234 1479 308 1520 ex
362 1461 559 1519 anima
617 1472 676 1520 et
730 1480 1002 1537 corpore.
1088 1463 1504 1537 Compositum
1560 1479 1703 1520 vero
1745 1461 1892 1519 illud
1933 1469 2216 1536 parentes

234 1560 395 1608 recte
437 1550 712 1609 dicuntur
746 1569 1039 1624 generare.
1111 1551 1275 1610 «Etsi
1318 1551 1477 1610 enim
1520 1553 1686 1609 Deus
1728 1559 1832 1621 est,
1877 1549 1975 1608 cui
2017 1550 2214 1625 primo

235 1639 547 1714 productio
604 1639 837 1699 animae
896 1637 1164 1716 (propter
1222 1637 1608 1714 creationem)
1665 1640 2046 1698 attribuenda
2107 1649 2210 1706 est,

234 1738 435 1786 tamen
491 1740 767 1803 parentes
821 1729 971 1788 iusto
1026 1729 1151 1788 iure
1209 1730 1484 1788 dicuntur
1537 1747 1830 1804 generare
1883 1727 2210 1796 hominem,

237 1816 375 1891 quia
412 1818 595 1875 homo
638 1818 738 1892 qui
781 1820 859 1889 fit,
904 1819 1129 1894 aliquid
1158 1819 1236 1878 de
1267 1819 1570 1878 communi
1608 1817 1932 1876 substantia
1975 1815 2209 1892 accipit,

236 1923 356 1982 quo
386 1906 728 1982 parentibus
758 1907 961 1967 similis
988 1908 1204 1967 evadat
1246 1909 1447 1984 quoad
1491 1918 1814 1967 naturam.»
1841 1907 1863 1940 ²
1929 1908 2211 1964 Parentes

235 1995 455 2063 deinde
485 2007 618 2054 sunt
647 2013 823 2055 causa
860 1996 1040 2073 ipsius
1082 1997 1319 2057 unionis
1361 1998 1595 2056 animae
1638 2016 1772 2055 cum
1817 2014 2094 2071 corpore,
2140 2012 2212 2052 eo

236 2086 400 2160 quod
443 2085 748 2143 materiam
791 2087 869 2145 ad
912 2089 1164 2145 formam
1207 2087 1616 2164 recipiendam
1659 2087 1987 2162 disponunt
2005 2087 2042 2143 ⁸.

976 2240 982 2248 '
1010 2240 1342 2287 Anncunus
1384 2250 1442 2288 11.

702 2342 797 2389 DE
836 2343 1033 2391 PRIMI
1070 2342 1376 2392 HOMINIS
1417 2342 1731 2393 ORIGINE.

360 2446 511 2504 Cum
563 2445 774 2522 singuli
816 2448 1089 2507 homines
1130 2448 1476 2509 immediate
1520 2448 1783 2508 oriantur
1825 2449 1904 2506 ab
1947 2448 2076 2505 aliis
2117 2446 2210 2504 ho-

239 2533 509 2607 minibus,
555 2536 805 2595 decursu
842 2548 1176 2613 temporum
1207 2538 1389 2598 series
1431 2539 1729 2614 quaedam
1769 2536 2094 2595 constituta
2131 2545 2212 2593 est

364 2694 378 2725 ¹
424 2696 553 2745 «Die
580 2696 824 2761 Meinung
857 2697 947 2746 des
974 2698 1042 2747 hl.
1069 2698 1312 2757 Thomas,
1353 2699 1463 2747 dass
1489 2699 1554 2746 im
1582 2696 1964 2747 menschlichen
1990 2696 2208 2758 Embryo

240 2784 405 2824 zuerst
441 2776 551 2825 eine
578 2776 947 2826 Pflanzenseele
987 2787 1206 2843 erzeugt,
1249 2780 1384 2827 dann
1423 2778 1536 2827 eine
1562 2778 1816 2827 Tierseele
1855 2776 2082 2824 eduziert
2115 2775 2209 2823 und

240 2854 543 2905 schliesslich
583 2857 696 2905 eine
732 2858 948 2922 geistige
987 2858 1133 2907 Seele
1169 2876 1272 2907 von
1309 2860 1434 2907 Gott
1471 2858 1752 2908 erschaffen
1789 2857 1977 2916 werde,
2019 2855 2211 2904 scheint

242 2934 379 2983 nicht
415 2938 689 3001 genfigend
726 2938 1014 3001 begriindet
1050 2956 1111 2987 zu
1148 2939 1258 2987 sein
1311 2940 1413 2988 und
1466 2939 1624 2989 findet
1675 2939 1827 2987 heute
1875 2953 1972 2985 nur
2023 2936 2210 3000 wenige

241 3014 549 3079 Anhanger»
610 3013 851 3079 (Lehmen
904 3018 935 3065 1.
991 3034 1034 3068 c.
1086 3036 1136 3083 p.
1194 3018 1340 3082 516).
1393 3046 1464 3053 —
1516 3019 1827 3068 Sententiam
1881 3017 1931 3066 S.
1978 3016 2207 3065 Doctoris

240 3095 626 3145 verisimiliorem
664 3112 775 3145 esse
815 3098 1070 3147 contendit
1094 3100 1311 3149 Mercier
1345 3101 1376 3149 1.
1406 3116 1449 3150 e.
1488 3117 1538 3165 p.
1571 3110 1687 3164 541.
1732 3126 1790 3135 —
1836 3098 1937 3161 Qui
1975 3098 2120 3161 plura
2149 3096 2205 3143 de

243 3173 338 3222 hac
374 3190 429 3221 re
467 3175 733 3236 desiderat,
773 3178 941 3242 legere
978 3186 1145 3242 potest
1181 3181 1399 3245 Farges,
1451 3182 1526 3229 La
1562 3181 1641 3229 vie
1678 3188 1730 3229 et
1780 3176 2083 3227 l'evolution
2125 3176 2203 3223 des

242 3253 453 3317 especes
491 3272 539 3317 p.
590 3266 683 3317 195
724 3273 833 3319 sqq.
1053 3256 1075 3287 ²
1110 3260 1261 3307 Pesclz
1299 3262 1331 3309 l.
1371 3277 1413 3309 c.
1453 3263 1492 3320 1,
1532 3274 1653 3322 423.

314 3336 321 3345 ’
365 3330 387 3361 ⁸
424 3332 501 3380 Cf.
549 3334 736 3392 Thom„
778 3335 829 3383 S.
870 3336 1021 3385 theol.
1062 3337 1100 3395 1,
1142 3355 1173 3401 q
1237 3340 1351 3399 118,
1393 3358 1436 3389 a.
1480 3354 1507 3387 2
1547 3343 1612 3388 ad
1649 3356 1700 3401 4.
