2367 3850
297 201 402 249 240
920 199 1253 238 Timorem».
1292 198 1637 238 nunnus,

415 377 492 434 II.
552 385 854 450 Quomodo
895 385 1123 434 libertas
1147 385 1257 434 Dei
1297 397 1429 433 cum
1470 383 1595 432 eius
1633 381 2080 432 immutabilitate
2104 397 2253 432 com-

297 467 437 530 poni
473 466 674 530 possit.

419 596 584 656 Certi
636 614 832 655 sumus
887 597 1086 654 Deum
1139 612 1271 654 esse
1326 595 1579 654 liberum
1597 641 1611 666 ‚
1668 595 1817 654 item
1870 595 2104 654 decreta
2144 594 2256 652 Dei

299 704 428 746 esse
471 685 859 744 immutabilia
885 685 998 757 vel,
1040 693 1104 742 ut
1132 683 1315 755 aiunt,
1357 684 1555 743 Deum
1584 703 1719 744 esse
1742 685 2045 744 moraliter
2070 683 2259 740 immu-

299 776 544 834 tabilem
571 777 606 836 ¹.
677 774 1004 848 Quomodo
1046 792 1192 833 vero
1232 772 1386 832 haec
1427 773 1548 832 duo
1590 773 1745 832 inter
1787 791 1854 832 se
1895 774 2254 841 cohaereant,

301 865 642 940 perspicere
685 882 809 921 non
851 881 1161 938 possumus
1177 909 1193 934 ,
1252 861 1393 937 quia
1432 862 1826 922 sufficientem
1870 861 2255 938 cognitionem

301 952 585 1011 libertatis
641 963 702 1011 et
754 950 1240 1010 immutabilitatis
1294 950 1358 1008 in
1400 952 1536 1010 Deo
1593 969 1721 1010 non
1776 952 2083 1012 habemus,
2158 950 2268 1007 Sed

302 1043 492 1099 eadem
531 1043 598 1099 de
639 1060 809 1100 causa
847 1059 948 1099 nec
986 1051 1306 1099 evidentem
1346 1043 1499 1098 inter
1535 1042 1670 1098 illas
1708 1041 1856 1100 duas
1897 1042 2261 1117 proprietates

290 1133 609 1208 perspicere
637 1140 936 1207 possumus
977 1131 1481 1188 contradictionem.

426 1230 812 1305 Quapropter
853 1227 1028 1286 valde
1069 1227 1419 1302 imprudens
1460 1236 1617 1286 esset
1656 1227 1773 1298 ille,
1816 1227 1953 1302 qui,
1997 1226 2135 1284 dum
2174 1227 2258 1284 ali-

306 1318 464 1377 unde
506 1317 921 1377 certitudinem
963 1317 1126 1376 circa
1165 1315 1569 1376 exsistentiam
1609 1315 1841 1374 illarum
1870 1316 2119 1374 duarum
2143 1335 2262 1392 pro-

307 1408 622 1483 prietatum
661 1407 843 1465 habet
858 1452 873 1478 ,
930 1405 1313 1464 nihilominus
1355 1415 1603 1480 propter
1656 1405 2035 1464 difficultates
2050 1451 2064 1476 ,
2126 1422 2261 1479 quae

306 1497 422 1554 hac
462 1496 524 1553 in
568 1513 633 1554 re
676 1495 816 1553 oriri
857 1504 1136 1570 possunt,
1194 1494 1492 1552 dubitaret
1545 1495 1639 1552 vel
1702 1493 1881 1552 etiam
1942 1496 2261 1553 alterutram

308 1604 382 1643 ex
422 1585 536 1644 illis
576 1583 1038 1660 proprietatibus
1078 1593 1343 1658 negaret.

428 1681 556 1740 Etsi
597 1692 795 1740 autem
835 1681 1250 1756 quaestionem
1291 1681 1453 1739 illam
1494 1679 1810 1756 perspicue
1864 1681 2097 1740 solvere
2152 1698 2262 1737 non

309 1789 637 1847 possumus,
681 1770 884 1845 aliquo
925 1780 1128 1829 tamen
1170 1771 1355 1829 modo
1397 1769 1551 1828 haec
1592 1769 1795 1828 omnia
1833 1769 2109 1827 illustrari
2148 1787 2262 1844 pos-

310 1871 461 1933 sunt,
505 1879 616 1937 per
655 1859 1099 1918 distinctionem
1141 1858 1369 1918 scilicet
1408 1857 1564 1917 inter
1590 1860 1877 1933 entitatem
1906 1868 2071 1916 actus
2098 1857 2263 1916 divini

312 1950 373 2007 in
414 1969 478 2011 se
521 1949 958 2009 consideratam
999 1958 1061 2008 et
1101 1948 1489 2024 multiplicem
1532 1947 1657 2006 eius
1694 1956 2016 2024 respectum.
2098 1949 2263 2007 Actus

313 2039 544 2097 divinus
561 2086 573 2110 ,
624 2038 709 2097 sic
751 2038 916 2115 aiunt
954 2038 1297 2114 philosophi
1340 2046 1399 2095 et
1438 2036 1734 2111 theologi,
1790 2036 1855 2093 in
1896 2056 2005 2096 sua
2044 2036 2264 2095 entitate

313 2140 402 2187 est
460 2127 829 2187 necessarius
888 2137 948 2187 et
1005 2127 1255 2185 omnino
1322 2124 1737 2200 immutabilis3
1804 2126 2131 2184 secundum
2194 2142 2266 2181 re·

317 2227 584 2294 spectum
643 2234 816 2288 ver0,
881 2234 1061 2291 quem
1119 2216 1304 2273 habet
1359 2215 1438 2273 ad
1497 2232 1592 2273 res
1650 2214 1845 2273 finitas
1867 2260 1881 2285 ‚
1944 2214 2266 2275 indifferens

318 2317 405 2369 est
420 2354 434 2378 ,
495 2305 576 2364 ita
634 2315 698 2364 ut
755 2304 1166 2365 indifferenter
1226 2304 1304 2363 ad
1363 2304 1528 2361 illam
1580 2303 1678 2363 vel
1732 2305 1810 2362 ad
1865 2302 2043 2387 aliam
2095 2301 2267 2363 termi-

315 2395 446 2453 nari
507 2394 709 2470 possit.
795 2397 888 2452 Ex
945 2413 1065 2469 qua
1122 2392 1543 2453 terminatione
1602 2391 1821 2452 actuali
1880 2405 2046 2451 actus
2103 2390 2266 2451 divini

317 2485 395 2543 ad
449 2485 629 2543 talem
667 2484 764 2541 vel
820 2484 998 2541 talem
1055 2501 1182 2541 rem
1238 2482 1465 2540 finitam
1518 2499 1646 2539 non
1702 2482 1915 2553 oritur,
1975 2484 2154 2539 relate
2203 2479 2268 2536 ad

317 2576 531 2645 Deum,
579 2572 693 2631 nisi
735 2572 980 2630 mutatio
1023 2570 1358 2630 extrinseca
1398 2580 1458 2629 et
1498 2569 1711 2629 relatio
1739 2570 2009 2631 rationis,
2064 2568 2269 2630 Nihilo·

318 2664 510 2721 minus
591 2662 833 2720 libertas
914 2660 977 2719 in
1046 2662 1180 2719 Deo
1251 2678 1376 2719 non
1446 2668 1534 2717 est
1600 2658 1827 2734 aliquid
1896 2660 2267 2717 extrinsecum

320 2754 454 2810 Deo
471 2798 484 2824 ,
547 2750 655 2809 sed
713 2749 1046 2825 proprietas
1106 2748 1219 2826 ipsi
1277 2748 1627 2819 intrinseca,
1700 2748 1841 2823 quia
1898 2747 2003 2809 illa
2067 2746 2269 2806 indiffe-

445 2979 461 3011 ¹
497 2981 879 3029 Immutabilitas
916 2982 1118 3030 moralis
1155 2980 1256 3029 Dei
1295 2979 1521 3029 consistit
1573 2979 1623 3027 in
1678 2994 1766 3039 eo,
1822 2980 1963 3043 quod
1999 2980 2137 3027 Deus
2184 2990 2266 3024 non

321 3070 490 3126 potest
528 3070 719 3109 mutare
760 3061 1017 3109 decretum
1042 3060 1261 3109 liberum
1288 3068 1337 3109 et
1363 3068 1622 3109 aeternum
1644 3052 1924 3107 &oluntatis
1949 3075 2083 3107 suae.
2122 3058 2268 3122 Oppo-

323 3143 458 3190 nitur
494 3140 884 3190 immutabilitati
922 3142 1027 3190 eius
1055 3141 1301 3206 physicae,
1349 3157 1448 3205 qua
1484 3139 1567 3199 fit,
1607 3147 1665 3188 ut
1700 3138 1827 3187 nihil
1863 3139 2027 3203 possit
2062 3138 2123 3186 de
2158 3150 2266 3184 novo

322 3222 580 3285 acquirere
617 3237 783 3285 neque
821 3221 1091 3286 quicquam
1128 3220 1370 3270 amittere.
1431 3219 1576 3267 Prior
1612 3218 1993 3267 immutabilitas
2030 3218 2189 3267 defluit
2218 3231 2266 3263 ex

321 3303 418 3348 hac
469 3302 720 3359 secunda,
773 3309 828 3347 ut
879 3301 1058 3363 cuique
1102 3298 1252 3347 facile
1303 3307 1528 3363 apparet.
1604 3300 1687 3347 De
1744 3299 2141 3347 immutabilitate
2185 3295 2263 3343 Dei

325 3380 599 3441 generatim
639 3377 892 3425 intellecta
931 3394 1085 3441 supra
1122 3378 1340 3426 diximus
1379 3394 1430 3441 p.
1472 3390 1576 3438 224
1604 3393 1679 3441 sq.
