2367 3850
46 17 306 87 -ᾞ
2285 8 2290 52 ⁴

781 181 858 218 DE
895 181 1241 218 VOLUNTATE
1280 181 1397 218 nm.
1970 180 2074 231 243
2287 89 2294 266 Ἰ

112 345 238 387 esse
279 330 510 390 bonitas
551 328 732 404 ipsius
773 330 1066 404 augenda,
1109 330 1174 387 in
1216 330 1378 387 nulla
1418 328 1535 386 alia
1568 327 1797 387 ratione
1826 327 2078 387 inveniri

111 429 302 494 potest
339 417 454 476 nisi
494 419 557 476 in
611 419 726 477 hac
781 419 912 494 ipsa
967 418 1235 477 bonitate
1290 417 1727 477 manifestanda
1782 437 1891 494 per
1950 437 2079 494 par-

113 507 513 583 ticipationem
555 507 644 565 sui
670 509 964 566 secundum
990 508 1429 577 similitudinem,
1472 507 1631 566 iuxta
1658 508 1804 566 illud
1834 509 1890 566 S.
1922 509 2077 566 Doc-

115 597 280 655 toris:
331 597 565 655 «Omne
607 614 792 672 agens
833 597 1129 655 invenitur
1169 597 1281 655 sibi
1323 597 1513 655 simile
1554 616 1753 672 agere,
1796 597 1987 669 unde,
2032 594 2081 654 si

116 686 302 762 prima
353 685 592 744 bonitas
645 686 719 744 sit
773 685 1048 745 effectiva
1105 686 1373 745 omnium
1433 687 1729 744 bonorum
1749 733 1765 758 ‚
1826 695 2081 762 oportet,

121 777 277 850 quod
315 775 757 834 similitudinem
799 794 965 834 suam
1007 775 1309 852 imprimat
1348 774 1411 833 in
1453 777 1631 834 rebus
1663 776 1892 835 effectis
1916 777 1949 835 ¹.
2008 777 2086 834 Et

121 883 179 923 re
221 865 462 940 quidem
505 883 665 936 vera,

235 950 290 1029 a)
345 953 487 1012 Non
541 964 738 1030 potest
789 952 916 1013 fieri
970 953 1122 1012 haec
1164 953 1563 1013 manifestatio
1609 972 1719 1030 per
1772 953 2085 1030 participa-

124 1043 338 1101 tionem
375 1043 654 1102 bonitatis
689 1043 928 1102 divinae
957 1043 1287 1102 secundum
1317 1043 1575 1102 eandem
1603 1052 1895 1102 naturam.
1944 1044 2087 1102 Hoc

127 1133 275 1190 enim
317 1141 378 1190 et
417 1141 662 1191 naturae
704 1132 943 1191 divinae
986 1143 1044 1191 et
1097 1143 1344 1191 naturae
1398 1133 1606 1191 mundi
1661 1142 1867 1209 aperte
1921 1149 2089 1208 repu-

129 1239 300 1296 gnare
367 1222 584 1279 scimus
651 1240 724 1280 ex
786 1222 887 1294 iis,
959 1240 1114 1298 quae
1188 1232 1398 1280 contra
1470 1221 1907 1297 pantheismum
1978 1231 2086 1279 sta-

131 1312 331 1368 tuimus
349 1311 390 1369 ⁸.

241 1394 301 1475 b)
356 1399 478 1456 Per
526 1400 944 1458 similitudinem
997 1408 1196 1458 autem
1250 1399 1408 1457 hanc
1462 1397 2001 1458 manifestationem
2058 1419 2095 1458 a

135 1489 260 1548 Deo
298 1488 506 1547 ultimo
548 1489 778 1548 intendi
825 1489 1098 1548 «abunde
1141 1498 1306 1564 patet
1334 1507 1407 1548 ex
1435 1507 1529 1560 e0,
1577 1489 1740 1564 quod
1768 1499 2092 1561 creaturae,

132 1589 293 1652 prout
345 1580 570 1637 ratione
622 1579 784 1654 prius
845 1598 882 1636 a
940 1580 1077 1637 Deo
1137 1589 1582 1654 cognoscuntur
1640 1589 1704 1636 ut
1762 1577 2090 1653 possibileS,

133 1687 296 1741 quam
337 1667 633 1743 eliguntur
673 1668 751 1726 ad
794 1669 1186 1739 creationem,
1250 1670 1310 1726 in
1351 1686 1409 1725 se
1463 1668 1679 1725 nullam
1733 1667 2094 1740 intellegibili-

133 1763 284 1814 tatem
322 1757 537 1815 liabent
573 1767 632 1816 et
687 1767 1127 1833 consequenter
1179 1776 1304 1816 non
1364 1766 1611 1833 possunt
1664 1756 1927 1831 intellegi
1982 1755 2093 1814 nisi

135 1852 192 1901 ut
224 1847 613 1904 similitudines
653 1849 920 1905 essentiae
957 1848 1108 1916 Dei,
1151 1865 1298 1922 quae
1338 1847 1409 1903 ab
1449 1848 1599 1922 ipse,
1643 1847 1697 1903 si
1731 1845 1896 1914 velit,
1940 1844 2095 1920 effec-

138 1937 297 1994 tibiles
336 1938 470 1995 sint.
557 1938 721 2013 Ergo
763 1936 813 1995 si
855 1956 956 1996 eas
997 1954 1206 1996 creare
1246 1937 1397 2008 vult,
1453 1936 1793 1995 necessario
1835 1936 1959 1993 vult
1998 1952 2099 1993 eas

139 2034 192 2081 ut
241 2026 651 2085 similitudines
711 2045 853 2086 suae
911 2026 1249 2085 bonitatis»
1279 2027 1301 2059 ⁸
1385 2025 1567 2099 Quod
1626 2025 1786 2082 idem
1847 2034 1936 2083 est
1994 2037 2095 2081 ac:

141 2115 286 2173 Deus
325 2116 616 2174 mundum
674 2117 898 2174 creavit
954 2116 1032 2174 ad
1087 2115 1419 2173 bonitatem
1474 2132 1641 2173 suam
1695 2113 1757 2171 in
1819 2113 2100 2172 creaturis

142 2204 623 2263 manifestandam
663 2221 773 2280 per
815 2203 1338 2281 participationem
1379 2203 1661 2263 bonitatis
1702 2220 1841 2261 suae
1897 2219 2102 2260 secun-

145 2292 265 2351 dum
305 2293 774 2353 similitudinem.

247 2383 418 2457 Quae
462 2383 701 2441 divinae
743 2382 1024 2442 bonitatis
1065 2382 1445 2458 participatio
1490 2382 1552 2439 in
1591 2381 1875 2439 creaturis
1902 2399 1938 2439 a
1968 2382 2103 2438 Deo

146 2471 235 2528 sub
273 2472 498 2549 duplici
553 2481 832 2547 respectu
886 2471 1257 2531 considerari
1312 2481 1526 2546 potest.
1602 2470 1804 2528 Primo
1860 2469 2105 2545 quidem

149 2572 302 2633 prout
341 2562 671 2620 excellentia
711 2562 978 2619 bonitatis
1017 2562 1248 2619 divinae
1288 2561 1366 2618 ab
1408 2560 1478 2619 iis
1518 2559 1979 2618 similitudinarie
2020 2569 2108 2616 est

141 2652 470 2725 participata
511 2645 727 2725 (gloria
754 2650 872 2709 Dei
915 2660 1160 2709 externa
1204 2642 1558 2723 obiectiva)3
1600 2648 1684 2707 sic
1728 2648 1922 2707 omnis
1950 2665 2110 2705 crea-

151 2744 260 2795 tura
299 2740 497 2797 Deum
553 2739 846 2814 glorificat
895 2740 1225 2797 secundum
1281 2738 1427 2796 illud
1468 2738 1841 2796 Psalmistae:
1907 2756 1932 2787 ‹<
1943 2736 2109 2795 Caeli

154 2838 414 2885 enarrant
454 2827 712 2902 gloriam
752 2828 903 2886 Dei»
953 2823 1072 2901 (18,
1111 2823 1186 2901 2).
1244 2828 1446 2886 Potest
1488 2826 1709 2885 deinde
1752 2826 1931 2884 etiam
1973 2844 2113 2884 con-

155 2914 378 2974 siderari
417 2916 571 2974 haec
612 2916 742 2993 ipsa
783 2916 1180 2975 manifestatio
1222 2926 1400 2991 prout
1440 2916 1724 2990 importat
1760 2915 2113 2972 excellentiae

155 3003 357 3062 divinae
395 3007 739 3079 agnitionem
780 3007 841 3063 in
881 3006 1103 3063 homine
1141 3000 1353 3080 (gloria
1382 3005 1500 3063 Dei
1530 3015 1776 3063 externa
1805 3000 2109 3078 formalis).

159 3092 372 3153 Etenim
414 3104 479 3152 ut
520 3095 725 3165 homo,
769 3113 880 3169 pro
920 3104 1134 3152 natura
1174 3112 1295 3165 sua,
1340 3112 1461 3168 qua
1502 3104 1591 3152 est
1617 3092 1919 3151 intellectu
1947 3110 2113 3167 prae-

271 3287 286 3318 ¹
322 3291 533 3353 Quaest.
574 3289 704 3354 disp.
744 3290 810 3337 de
845 3304 948 3339 ver.
987 3306 1036 3353 q.
1079 3300 1162 3347 21,
1202 3305 1246 3337 a.
1286 3301 1319 3348 4
1358 3304 1385 3337 c
1422 3288 1517 3336 sub
1556 3287 1721 3336 finem.

263 3366 284 3398 ²
320 3370 396 3419 Cf.
437 3386 592 3435 supra
627 3386 678 3434 p.
721 3380 820 3433 205
861 3386 972 3433 sqq.
1121 3367 1143 3397 ⁸
1179 3369 1399 3417 Boedder
1432 3367 1465 3415 1.
1505 3384 1548 3414 c.
1588 3384 1639 3429 p.
1680 3376 1799 3427 337.

1681 3454 1789 3499 16·
