2367 3850
628 220 705 256 DE
744 221 1225 258 IMMORTALITATE
1264 222 1503 258 ANIMAE.
1961 217 2054 272 155

58 366 313 424 animae
357 378 602 443 propter
643 387 807 426 suam
852 371 1089 446 culpam
1133 388 1208 428 ex
1241 371 1358 428 fine
1401 369 1503 427 illo
1533 369 1812 428 excidant
1839 388 2054 440 necne,

62 467 398 528 quaeretur
439 457 501 514 in
543 457 847 532 theologia
885 458 1153 516 naturali.

193 599 408 646 Thesis
451 599 722 661 probatio.
832 610 879 647 1.
943 590 1051 647 Ex
1110 598 1326 648 natura
1385 593 1611 648 animae
1671 598 1726 648 et
1779 591 2060 667 sapientia

68 677 393 736 Creatoris.
486 681 611 736 «Ex
650 689 878 750 natura,
923 679 1249 751 molitione,
1294 679 1498 739 indole
1543 698 1790 756 operum
1826 679 2058 738 duratio

62 767 381 842 temporis,
426 767 521 825 cui
561 768 639 825 ab
680 776 922 826 auctore
965 767 1259 826 destinata
1301 779 1450 840 sunt,
1495 768 1878 844 dignoscitur.
1937 769 2058 826 Sed

66 858 240 914 Deus
282 855 553 914 animam
596 858 917 914 humanam
975 858 1200 916 creavit
1253 859 1616 934 spiritualem
1636 904 1648 928 ,
1707 857 2056 934 simplicem,

64 945 611 1021 incorruptibilem,
656 964 810 1020 quae
838 964 963 1004 non
992 946 1259 1021 indigeat
1287 965 1560 1024 corpore,
1604 957 1667 1005 ut
1695 948 1768 1006 sit
1795 957 1854 1006 et
1881 947 2055 1016 vivat,

68 1054 242 1110 quae,
278 1055 317 1093 a
360 1036 524 1093 nulla
574 1035 633 1092 vi
676 1045 877 1094 creata
932 1035 1270 1094 exsistentia
1323 1045 1384 1094 et
1423 1036 1541 1094 vita
1582 1036 1800 1110 privari
1842 1036 2062 1112 possit3

64 1125 459 1198 eandemque
503 1143 788 1200 capacem
831 1125 988 1196 fecit,
1033 1135 1095 1183 ut
1134 1124 1507 1184 nobilissimo
1548 1127 1668 1184 fine
1709 1143 2057 1200 summaque

66 1213 363 1272 felicitate
403 1223 695 1289 perpetuo
736 1215 975 1272 fruatur.
1033 1215 1198 1288 Ergo
1227 1233 1349 1272 non
1395 1215 1472 1272 ad
1514 1225 1747 1290 tempus
1784 1213 2057 1273 determi—

62 1313 297 1374 natum,
346 1303 457 1362 sed
499 1303 577 1360 ad
618 1303 1025 1361 aeternitatem
1070 1303 1190 1362 hoc
1233 1321 1400 1363 suum
1449 1323 1597 1380 opus
1640 1303 2010 1362 destinavit.»
2041 1305 2055 1334 ¹

192 1393 323 1450 Sed
368 1394 532 1452 Deus
574 1379 904 1450 nihil'facit
945 1393 1171 1451 frustra.

190 1483 367 1556 Ergo
409 1481 609 1539 anima
648 1481 907 1540 humana
952 1481 1014 1538 in
1057 1491 1410 1558 perpetuum
1453 1481 1626 1540 vivet.

195 1591 251 1628 2.
312 1571 423 1630 Ex
461 1571 732 1628 desiderio
786 1572 983 1628 innato
1036 1571 1409 1628 beatitudinis.
1495 1573 1603 1628 Est
1652 1570 1712 1628 in
1755 1572 2054 1628 voluntate

62 1671 279 1718 nostra
322 1670 518 1718 motus
560 1660 839 1718 naturalis
880 1659 957 1717 ad
998 1659 1328 1718 universale
1369 1661 1596 1719 bonum
1641 1655 1720 1733 (p.
1769 1654 1883 1734 72).

193 1749 321 1808 Sed
366 1759 560 1808 motus
600 1749 700 1807 ille
742 1748 1020 1807 naturalis
1062 1749 1376 1808 voluntatis
1419 1759 1654 1808 nostrae
1697 1766 1820 1807 non
1862 1758 2058 1824 potest

65 1857 204 1897 esse
250 1838 450 1896 inanis
494 1833 574 1912 (p.
627 1857 735 1914 139
780 1847 838 1896 et
879 1839 997 1897 vol.
1042 1840 1086 1909 I,
1140 1841 1250 1896 166
1295 1848 1353 1896 et
1401 1833 1551 1912 167).

190 1928 389 2004 Atqui
442 1927 635 1987 inanis
692 1939 845 1987 esset
884 1939 1079 1987 motus
1121 1929 1219 1987 ille
1261 1928 1568 1999 naturalis,
1626 1928 1674 1985 si
1716 1928 1916 1986 anima
1956 1927 2057 1985 hu-

64 2036 271 2089 mana,
317 2028 456 2093 post
495 2028 748 2077 mortem
790 2027 1101 2093 supersteS,
1147 2035 1272 2075 non
1313 2016 1539 2076 viveret
1579 2016 1641 2075 in
1683 2027 2053 2093 perpetuum.

192 2107 424 2165 Anima
466 2106 625 2166 enim
668 2118 802 2183 post
838 2106 1093 2166 mortem
1122 2117 1419 2183 superstes
1448 2118 1613 2165 certo
1642 2117 1861 2165 sortem
1889 2125 2054 2164 suam

64 2198 337 2255 futuram
379 2207 626 2255 curaret.
696 2198 869 2254 Tunc
910 2207 1109 2255 autem
1150 2206 1249 2254 aut
1291 2207 1456 2255 certo
1499 2194 1678 2254 sciret
1717 2214 1782 2254 se
1822 2196 1885 2253 in
1928 2213 2056 2270 per-

60 2297 321 2361 petuum
365 2305 489 2344 non
530 2286 817 2343 victuram
860 2304 989 2345 esse
1031 2287 1127 2343 vel
1167 2287 1374 2344 saltem
1431 2285 1510 2344 de
1563 2284 1664 2342 illa
1719 2284 2056 2343 exsistentia

62 2377 268 2434 futura
312 2375 639 2446 dubitaret,
697 2384 797 2432 aut
850 2394 1005 2433 vana
1058 2374 1330 2433 illusione
1387 2384 1446 2433 et
1487 2392 1688 2432 errore
1731 2374 1846 2431 hac
1887 2373 1946 2431 in
1991 2391 2054 2431 re

60 2465 382 2540 implicata
424 2474 593 2523 esset.

190 2556 265 2611 In
326 2553 527 2628 priore
583 2572 724 2611 casu
776 2553 1067 2611 certitudo
1122 2554 1218 2611 vel
1271 2552 1451 2611 timor
1506 2552 1850 2611 felicitatem
1893 2552 2055 2611 amit-

61 2642 242 2701 tendi
311 2643 689 2717 perturbaret
755 2642 900 2700 boni
969 2641 1221 2717 perfecti
1290 2641 1662 2714 fruitionem3
1735 2641 1796 2699 in
1867 2641 2053 2699 altero

61 2752 223 2791 vero
266 2750 441 2803 casu,
498 2731 652 2791 haec
703 2732 831 2806 ipsa
873 2730 1163 2789 dubitatio
1218 2732 1315 2789 vel
1361 2729 1552 2812 illusio
1607 2740 1760 2789 esset
1813 2731 2052 2801 malum,

64 2821 243 2896 quod
284 2822 621 2897 perfectam
662 2820 993 2879 intellectus
1021 2819 1450 2879 beatitudinem
1479 2819 1812 2895 impediret.
1883 2821 2054 2877 Prae-

62 2922 238 2969 terea
278 2910 516 2969 admitti
544 2928 667 2968 non
711 2920 907 2986 potest
946 2912 1145 2969 Deum
1186 2920 1457 2969 sanctum
1501 2920 1560 2968 et
1599 2908 1858 2967 veritatis
1899 2928 2054 2966 ama-

62 3011 265 3059 torem
326 2999 482 3057 velle
538 3000 799 3057 animam
851 2999 1173 3058 humanam
1233 3000 1349 3057 hac
1409 3018 1563 3057 vana
1622 2998 1892 3056 illusione
1952 2998 2054 3055 im-

64 3092 359 3166 plicatam
402 3106 533 3147 esse
552 3088 591 3146 ².

192 3248 209 3279 ¹
248 3250 410 3299 Pesclz
448 3248 480 3295 1.
522 3264 563 3297 c.
604 3248 696 3309 ΙΙΙ,
744 3250 856 3308 196.
931 3249 1210 3313 Tongiorgi,
1249 3248 1428 3311 Psyeh.
1470 3265 1518 3296 n.
1562 3248 1664 3310 236
1703 3257 1753 3295 et
1792 3257 1910 3307 237.

190 3326 213 3360 ²
253 3330 339 3379 Cf.
380 3330 434 3377 S.
484 3329 673 3387 Tltom„
714 3328 763 3377 S.
792 3329 946 3379 theol.
974 3329 1105 3389 1‚11,
1147 3346 1195 3393 q.
1229 3338 1274 3393 5,
1315 3345 1359 3377 a.
1388 3342 1437 3388 4.
1488 3329 1701 3384 Lessius,
1739 3326 1820 3373 De
1858 3342 2052 3373 summo

69 3412 207 3461 bono
246 3410 281 3459 l.
330 3421 377 3472 3,
419 3425 469 3457 n.
518 3420 631 3469 109.
