2367 3850
259 203 357 263 184
887 213 1215 250 ‘rammam
1254 212 1596 250 NATURALIS.

388 368 425 434 ’ἐ
470 385 511 418 1.
570 373 982 432 Argumentum
1021 371 1383 433 desumptum
1425 385 1492 418 ex
1528 369 1767 419 naturali
1808 369 2090 420 desiderio

1049 450 1431 500 beatitudinis.

373 575 480 632 Est
521 573 582 631 in
615 575 917 632 voluntate
945 581 1149 632 nostra
1177 582 1371 630 motus
1400 573 1678 630 naturalis
1710 573 1787 631 ad
1818 589 2117 631 summum
2146 570 2249 629 vel

253 663 585 722 universale
626 663 871 721 bonum.
957 661 1142 736 Quod
1185 680 1364 737 supra
1408 656 1487 736 (p.
1537 678 1606 734 72
1655 671 1715 718 et
1764 656 1897 736 139)
1942 663 2059 719 iam
2105 679 2249 738 pro-

252 755 455 812 batum
499 761 603 810 est.

376 841 496 900 Sed
537 850 730 900 motus
771 840 871 898 ille
914 841 1202 898 naturalis
1241 839 1558 898 voluntatis
1600 849 1842 899 nostrae
1883 857 2009 899 non
2038 848 2251 915 potest

257 950 386 990 esse
428 930 620 989 inanis
663 924 742 1006 (p.
795 949 904 1004 139
948 940 1009 988 et
1049 931 1164 986 vol.
1211 931 1255 1000 Ι,
1310 931 1421 988 166
1463 939 1524 987 et
1571 923 1725 1004 167).

375 1021 537 1096 Ergo
567 1017 998 1077 admittendum
1027 1029 1117 1076 est
1144 1017 1392 1092 aliquod
1420 1036 1714 1077 summum
1743 1019 1973 1076 bonum
2000 1018 2251 1076 realiter

257 1108 558 1168 exsistens.
645 1109 722 1165 Et
762 1107 881 1165 hoc
923 1125 1207 1165 vocamus
1251 1109 1465 1166 Deum.

918 1216 1086 1290 Ergo
1125 1217 1296 1274 Deus
1336 1216 1571 1274 exsistit.

685 1382 720 1449 ἓ
760 1397 808 1435 2.
870 1388 1283 1448 Argumentum
1322 1401 1390 1434 ex
1427 1386 1551 1448 lege
1589 1385 1806 1434 morali.

381 1509 496 1566 Est
551 1509 760 1584 scripta
819 1509 880 1566 in
939 1508 1100 1565 corde
1159 1508 1405 1565 omnium
1464 1507 1750 1564 hominum
1808 1509 1905 1564 lex
1964 1507 2253 1582 quaedam

259 1607 611 1666 universalis,
651 1614 892 1666 aeterna,
932 1606 1212 1665 absoluta,
1264 1615 1379 1670 qua
1419 1597 1640 1669 regitur
1678 1598 1943 1654 voluntas
1984 1599 2047 1653 in
2092 1613 2251 1652 exer-

261 1689 386 1745 citio
426 1705 560 1745 suae
601 1687 892 1744 libertatis.

383 1776 610 1836 Omnes
658 1776 817 1834 enim
872 1774 1148 1833 homines
1203 1774 1463 1833 sentiunt
1514 1776 1876 1834 voluntatem
1894 1821 1909 1848 ,
1969 1773 2251 1848 quamvis

261 1865 532 1936 liberam,
576 1872 778 1922 tamen
808 1882 932 1922 non
962 1863 1211 1922 omnino
1240 1864 1565 1922 immunem
1596 1883 1723 1922 esse
1751 1883 1788 1921 a
1815 1862 2252 1940 dependentia.

267 1956 496 2014 Omnes
540 1952 856 2012 admittunt
908 1955 1136 2013 bonum
1177 1972 1309 2013 esse
1367 1953 1706 2013 faciendum
1726 1998 1739 2023 ,
1797 1953 2021 2012 malum
2062 1953 2257 2011 vitan-

264 2044 405 2102 dum
423 2089 438 2113 ‚
498 2044 534 2101 i.
581 2063 630 2101 e.
681 2045 742 2101 in
787 2044 1048 2101 exercitio
1089 2044 1395 2101 activitatis
1443 2050 1671 2101 nostrae
1711 2044 1921 2100 liberae
1959 2043 2257 2099 attenden—

267 2134 399 2190 dum
441 2150 553 2190 esse
581 2132 666 2189 ad
685 2151 944 2189 normam
983 2132 1273 2207 quandam
1314 2151 1353 2189 a
1380 2133 1535 2190 nobis
1561 2132 2033 2208 independentem‚
2078 2134 2258 2189 immo

264 2222 420 2279 nobis
467 2222 930 2297 praestabilitam-
979 2228 1034 2278 et
1083 2222 1416 2297 impositam.
1502 2220 1613 2279 Cui
1667 2239 1917 2280 normae
1972 2220 2258 2280 actiones

264 2320 494 2369 nostras
536 2310 752 2368 liberas
795 2328 922 2369 esse
965 2310 1429 2369 conformandas
1469 2309 1551 2368 ita
1568 2357 1582 2382 ,
1624 2317 1688 2368 ut
1728 2311 1926 2369 bonae
1967 2309 2261 2368 dicantur

264 2398 417 2469 illae,
462 2416 616 2474 quae
657 2399 794 2457 huic
834 2399 954 2474 legi
995 2409 1130 2457 sunt
1172 2400 1531 2471 conformeS,
1577 2400 1770 2458 malae
1814 2410 2009 2458 autem
2028 2444 2042 2469 ,
2092 2418 2259 2474 quae

265 2487 377 2563 ipsi
419 2498 552 2545 sunt
594 2488 926 2546 contrariae
955 2488 986 2546 ¹.
1047 2489 1219 2562 Quae
1263 2489 1426 2563 leges
1469 2506 1678 2547 omnes
1719 2488 2038 2547 manifesto
2069 2489 2260 2547 nobis

266 2587 559 2653 apparent
599 2587 661 2634 ut
703 2588 982 2635 aeternae
1025 2587 1085 2635 et
1115 2578 1385 2636 absolute
1414 2578 1789 2637 necessariae
1814 2578 1851 2635 ².
1908 2578 2018 2635 Est
2048 2587 2259 2636 autem

265 2667 416 2724 haec
458 2665 780 2741 persuasio,
839 2666 1207 2741 experientia
1247 2676 1425 2738 teste,
1479 2675 1599 2724 tam
1641 2664 2018 2736 universaliS,
2065 2677 2131 2723 ut
2176 2668 2263 2724 vi-

268 2765 406 2831 geat
447 2754 606 2831 apud
650 2772 859 2814 omnes
902 2754 1174 2815 homines
1216 2774 1398 2814 sanae
1440 2754 1654 2813 mentis
1695 2766 1755 2814 et
1794 2754 2026 2825 cordiS‚
2086 2756 2263 2831 apud

266 2844 428 2919 ipsos
471 2844 726 2920 populos
767 2843 1019 2922 incultos
1075 2848 1135 2903 e't
1175 2845 1468 2903 silvestres
1488 2890 1501 2915 ,
1561 2854 1620 2903 et
1673 2844 1733 2902 in
1790 2844 1932 2920 ipsis
1989 2856 2258 2915 maneat,

269 2932 378 2991 etsi
421 2951 526 2991 cor
566 2933 824 2991 hominis
867 2931 1285 3009 cupiditatibus
1326 2949 1758 3009 saepenumero
1789 2932 1850 2990 in
1881 2933 2259 2991 contrarium

269 3020 583 3079 inclinatur
607 3022 643 3079 ⁸.

395 3228 410 3258 ¹
452 3230 530 3279 Cf.
571 3247 720 3295 supra
759 3249 808 3295 p.
856 3245 970 3280 111.

395 3307 416 3338 ²
455 3310 610 3358 Cuius
647 3312 718 3359 rei
755 3311 1154 3375 explanationem
1196 3314 1306 3362 vide
1345 3330 1493 3377 supra
1530 3332 1581 3378 p.
1628 3328 1741 3366 111.

394 3386 415 3416 ⁸
454 3389 531 3436 Cf.
571 3405 723 3454 supra
760 3406 810 3452 p.
858 3404 947 3439 111
992 3400 1042 3440 et
1079 3392 1178 3441 vol.
1220 3395 1258 3452 1,
1305 3406 1418 3442 110.
