2367 3850
683 0 955 22 avnf--v--aev
981 0 1043 22 *r-
1132 1 1137 4 ¹
1172 1 1177 5 ·
1240 0 1249 8 ⁴

633 29 654 36 ,-
681 21 698 28 ¹³
751 27 756 30 -
817 25 828 32 a

667 203 745 240 DE
785 203 1158 241 ARGUMENTIS
1201 203 1541 240 nonninus,
1992 205 2010 240 1
2022 191 2089 254 83

129 352 340 428 incepit
381 370 526 424 esse,
572 362 673 410 aut
713 350 940 427 incepit
977 351 1150 410 simul
1192 370 1328 410 curn
1356 351 1619 422 materia,
1663 351 1907 427 quando
1940 352 2092 411 haec

132 452 318 500 creata
359 451 462 512 est,
508 451 567 500 et
609 451 752 499 tunc
780 439 1068 500 habemus
1095 442 1293 500 Deum
1333 451 1697 516 creatorem3
1738 449 1838 500 aut
1865 440 2091 517 incepit

129 532 184 588 in
209 530 454 590 materia
482 530 603 589 iam
630 529 1094 606 praeexsistenti‚
1127 531 1235 590 sed
1262 531 1363 589 tali
1394 540 1561 589 motu
1590 530 1898 590 destituta:
1946 539 2089 590 tunc

129 631 312 679 autem
369 637 683 697 processus
738 620 838 678 ille
894 639 1018 680 non
1077 619 1268 695 potuit
1320 619 1587 697 incipere
1638 621 1765 680 sine
1807 630 2086 680 movente

129 709 259 781 alio,
304 730 342 768 a
380 710 631 768 materia
672 708 982 774 distincto,
1041 707 1207 784 quod
1246 709 1453 768 ultimo
1495 709 1677 770 debet
1718 727 1849 770 esse
1904 728 2010 768 ens
2051 729 2087 768 a

129 817 185 857 se
223 798 527 858 immobile
569 799 666 858 vel
709 799 874 857 Deus
893 799 928 856 ¹.

777 939 943 1012 Ergo
983 938 1152 996 Deus
1193 939 1423 997 exsistit.

868 1144 1197 1192 AR'rxcums
1238 1155 1318 1193 111.

565 1267 662 1316 DE
699 1267 1162 1316 ARGUMENTIS
1201 1267 1623 1316 MORALIBUS.

233 1411 662 1458 Praenotamen.
742 1401 1113 1474 Argumenta
1163 1398 1415 1458 moralia
1470 1417 1541 1458 ea
1582 1409 1732 1478 sunt,
1789 1416 1944 1474 quae
1986 1399 2083 1457 de·

125 1487 389 1547 sumimus
460 1508 534 1547 ex
613 1488 967 1564 quibusdam
1026 1487 1337 1548 hominum
1397 1487 1716 1548 liberorum
1787 1488 2082 1547 consuetis

127 1578 325 1652 agendi
367 1577 714 1651 rationibu5‚
760 1595 914 1652 quae
957 1577 1317 1636 sufficienter
1352 1577 1636 1653 explicari
1662 1595 1787 1637 non
1816 1587 2079 1653 possunt,

126 1666 222 1724 nisi
261 1667 603 1727 admittatur
629 1666 747 1726 Dei
786 1667 1140 1726 exsistentia.
1211 1667 1355 1727 Tria
1397 1667 1790 1726 communiter
1830 1667 2083 1724 afferunt

127 1756 444 1817 huiusmodi
521 1768 902 1833 argumenta:
981 1777 1030 1814 1.
1093 1766 1505 1832 argumentum
1571 1756 1945 1831 desumptum
2009 1773 2080 1814 ex

127 1846 362 1905 naturali
420 1845 722 1906 desiderio
776 1845 1156 1906 beatitudinis
1209 1841 1643 1921 (argumentum
1685 1845 2081 1904 eudaemono-

127 1935 385 2010 logicum,
444 1937 522 1995 ab
567 1931 844 2009 εὐδαίμων
893 1958 960 1984 =
1007 1931 1271 2011 beatus);
1330 1955 1381 1994 2.
1427 1946 1863 2011 argumentum,
1914 1935 2079 2011 quod

123 2023 370 2085 innititur
424 2026 730 2102 agnitione
788 2024 1166 2101 obligationis
1216 2024 1456 2083 moralis
1508 2020 1937 2101 (argumentum
1980 2024 2078 2083 de·

128 2115 532 2191 ontologicum,
578 2133 613 2173 a
657 2110 782 2169 δέον
816 2136 885 2162 =
919 2107 1247 2189 obligans);
1291 2133 1345 2188 3.
1390 2124 1802 2189 argumentum
1838 2132 1911 2173 ex
1939 2132 2076 2173 con-

124 2220 278 2261 sensu
296 2205 659 2281 populorum
679 2191 1120 2280 (argumentum
1133 2203 1595 2277 ethnologicum,
1626 2222 1662 2261 a
1680 2221 1830 2262 voce
1859 2222 2076 2279 graeca

127 2286 264 2353 ἔθνος
305 2294 402 2353 vel
442 2290 511 2349 τὰ
555 2288 687 2366 ἔθνη
739 2316 806 2339 =
853 2293 1124 2369 populus,
1169 2291 1461 2363 nationeS‚
1504 2285 1752 2368 gentes).

126 2520 292 2571 Toutes
329 2524 406 2571 les
443 2522 824 2583 modifications,
866 2529 1031 2572 toutes
1069 2524 1143 2572 les
1178 2522 1555 2587 perturbations
1592 2524 1783 2572 futures
1821 2524 1903 2588 qui
1928 2540 2072 2588 pour-

125 2600 264 2651 raient
299 2603 444 2651 avoir
480 2602 582 2653 lieu
619 2604 746 2652 dans
783 2602 1038 2663 l’univers,
1078 2619 1142 2652 ne
1181 2609 1298 2652 sont
1334 2619 1432 2668 que
1471 2604 1561 2653 des
1591 2618 1683 2667 pas
1707 2619 1821 2651 vers
1846 2619 1912 2651 un
1940 2605 2072 2669 equi-

125 2680 232 2731 libre
280 2682 400 2731 final
417 2720 429 2743 ‚
483 2699 595 2732 vers
645 2699 745 2732 une
797 2684 1088 2748 repar-tition
1140 2684 1389 2733 uniforme
1441 2684 1504 2732 de
1550 2683 1601 2732 la
1636 2683 1969 2749 temperature
2008 2686 2071 2734 de

125 2760 348 2827 l'espace‚
401 2772 453 2812 et
504 2780 616 2813 vers
667 2764 714 2812 le
750 2779 902 2828 repos
941 2765 1030 2814 des
1068 2780 1257 2813 masses
1296 2766 1359 2813 de
1396 2764 1599 2813 matiere
1637 2765 1951 2829 ponderable
1988 2766 2073 2829 qui

123 2850 196 2889 ont
227 2844 479 2893 constitue
518 2844 565 2891 la
602 2844 880 2895 nebuleuse
915 2844 1164 2910 primitive
1203 2854 1255 2893 et
1289 2845 1403 2909 puis
1441 2854 1554 2895 tous
1592 2846 1665 2895 les
1703 2854 1859 2894 astres
1886 2846 2071 2895 formes

125 2917 148 2967 ὲ
188 2938 258 2971 ses
313 2924 524 2988 depens.
601 2925 678 2973 La
733 2924 1044 2974 destruction
1097 2932 1147 2973 et
1198 2924 1249 2973 la
1296 2926 1635 2990 reapparition
1688 2924 1927 2975 indefinie
1979 2926 2069 2973 des

123 3004 337 3063 mundes,
391 3004 487 3052 tels
524 3002 670 3068 qu'ils
709 3004 923 3054 existent
959 3004 1275 3068 aujourd'hui
1293 3044 1304 3065 ,
1355 3013 1467 3053 sont
1500 3004 1959 3075 scientifiquement
1998 3006 2068 3054 in-

125 3082 447 3133 admissibles»
494 3081 596 3147 (La
630 3084 710 3133 vie
748 3086 910 3133 future
947 3094 998 3134 et
1035 3087 1084 3133 la
1120 3086 1320 3135 science
1364 3085 1633 3146 modeme,
1695 3085 1855 3146 1890,
1907 3102 1959 3149 p.
1999 3099 2068 3145 40

125 3157 278 3227 5043).
354 3163 433 3213 Cf.
473 3165 690 3229 Far-ges,
747 3163 923 3215 L'idee
975 3165 1038 3213 de
1076 3164 1212 3213 Dieu
1262 3181 1314 3229 p.
1354 3177 1581 3228 93-99,
1643 3166 1911 3216 Hontheim
1947 3164 1981 3214 1.
2022 3183 2065 3216 c.

121 3256 160 3303 p.
199 3255 288 3304 192
327 3252 379 3293 et
423 3256 540 3306 193.

225 3320 242 3353 ¹
277 3324 353 3375 Cf.
394 3324 616 3376 Boedder
649 3324 682 3378 l.
723 3341 768 3377 c.
806 3341 857 3389 p.
898 3324 963 3386 67
1005 3332 1054 3374 et
1092 3323 1176 3373 68.
