2367 3850
43 0 56 2 “
527 0 787 16 -’;-Ῑ’“Ἴ”;’”“”
815 0 824 1 ⁷
853 0 884 1 ⁷⁷⁷
921 0 1006 20 ““”“.

238 58 247 66 .

517 97 526 104 .

511 229 590 266 DE
629 229 1055 266 FACULTATIBUS
1095 229 1410 266 SENSITIVIS
1452 229 1719 268 HOMINIS.
2034 231 2099 282 53

117 395 402 436 sensuum
445 388 826 436 externorum
867 377 941 436 sit
979 376 1339 438 distinctum.
1424 379 1675 436 Sensum
1722 396 2101 438 communem

119 467 286 525 enim
313 465 526 526 dicunt
552 466 698 524 nihil
727 467 888 525 aliud
914 485 1042 526 esse
1070 466 1185 525 nisi
1212 467 1555 526 facultatem
1580 465 1846 526 diversas
1874 479 2103 528 nostras

117 555 494 615 sensationes
533 555 811 632 partiales
853 557 932 615 ad
972 557 1427 632 perceptionem
1470 558 1712 615 totalem
1757 557 1977 616 obiecti
2004 558 2103 616 ad-

115 645 380 718 unandi3
423 664 664 704 sensum
704 663 849 704 vero
892 646 1162 704 intimum
1206 646 1284 704 ad
1322 663 1561 704 sensum
1588 655 1777 705 tactus
1805 647 2101 720 reseruntg

115 733 410 794 unitatem
439 735 718 810 denique,
751 753 932 810 quam
959 754 1164 795 sensus
1194 734 1525 794 communis
1553 734 1731 793 nobis
1748 735 2099 808 manifestat,

119 823 182 881 in
225 825 454 883 unitate
495 835 734 883 nostrae
772 835 1020 882 naturae
1062 825 1299 883 fundari
1340 823 1602 883 sentiunt
1624 825 1657 884 ².

241 934 293 972 2.
349 915 564 972 Utrum
620 915 890 971 memoria
941 915 1213 972 sensitiva
1267 912 1342 972 sit
1398 913 1645 972 facultas
1700 933 1738 972 a
1790 913 2101 990 phantasia

121 1012 182 1062 et
221 1002 552 1078 cogitativa
594 997 1004 1077 (aestimativa)
1045 1003 1285 1062 realiter
1324 1002 1604 1061 distincta
1644 1020 1857 1062 necne.

239 1093 412 1168 Resp.
431 1115 452 1150 .·
481 1086 537 1166 a)
560 1095 631 1150 In
651 1091 1000 1156 definiendo
1019 1110 1271 1151 numero
1298 1111 1579 1151 sensuum
1607 1091 1977 1151 internorum
2005 1093 2101 1151 ad-

118 1182 372 1241 modum
413 1181 580 1241 varia
620 1192 710 1241 est
748 1182 1243 1257 philosophorum
1284 1181 1593 1242 sententia.
1680 1184 1737 1240 S.
1772 1184 2101 1242 Doctorem

119 1272 341 1331 scimus
370 1281 650 1348 quattuor
677 1289 992 1330 numerare
1019 1290 1225 1331 sensus
1254 1271 1537 1343 interum,
1574 1272 1655 1330 de
1682 1271 1897 1347 quibus
1924 1290 2102 1348 supra

118 1360 398 1420 diximus

241 1446 308 1525 b)
353 1452 539 1509 Haud
582 1451 782 1528 inepte
837 1463 1040 1511 tamen
1096 1452 1305 1510 dicunt
1360 1450 1462 1526 qui
1516 1450 1869 1511 memoriam
1924 1453 2103 1510 sensi-

119 1539 306 1598 tivam
349 1541 574 1600 docent
615 1561 650 1600 a
690 1542 1002 1617 phantasia
1050 1551 1110 1600 et
1151 1561 1186 1600 a
1229 1540 1547 1616 cogitativa
1587 1539 1650 1598 in
1690 1540 1933 1599 homine
1974 1560 2099 1599 non

121 1629 365 1689 realiter
406 1628 702 1706 distingui.
779 1630 1111 1689 «Memoria
1152 1630 1314 1689 enim
1355 1630 1655 1689 elemento
1696 1630 1919 1705 duplici
1962 1648 2100 1689 con-

123 1719 283 1778 stitui
323 1719 576 1778 videtur.
660 1720 970 1793 Quatenus
1011 1719 1259 1778 involvit
1298 1719 1559 1794 aliquam
1602 1718 1847 1778 alicuius
1888 1721 1972 1779 rei
2016 1739 2101 1780 re-

124 1808 690 1884 praesentationem,
735 1809 811 1868 ad
849 1809 1122 1869 virtutem
1166 1808 1637 1884 imaginati-icem
1678 1809 1883 1868 reduci
1924 1828 2101 1885 posse

126 1898 391 1972 videtur3
467 1908 757 1975 quatenus
816 1916 960 1959 vero
1020 1898 1493 1975 recognitionem
1556 1898 1860 1975 praeteriti
1918 1898 2101 1958 invol-

126 1989 206 2046 vit
221 2036 236 2061 ,
311 1990 392 2047 ab
447 1989 814 2048 aestimativa
871 2008 998 2048 non
1057 1988 1291 2048 videtur
1350 2006 1478 2048 esse
1537 1990 1877 2048 necessario
1936 2007 2100 2064 sepa-

127 2080 342 2149 randa,
403 2078 630 2155 quippe
686 2096 804 2154 qua
859 2096 1291 2155 cognoscamus
1336 2080 1751 2155 phantasmata
1792 2096 1920 2137 esse
1962 2078 2101 2137 ima-

129 2167 324 2243 ginem
365 2168 614 2227 alicuius
655 2169 742 2227 rei
782 2168 901 2226 hoc
942 2170 1036 2227 vel
1078 2168 1180 2226 illo
1235 2168 1421 2227 modo
1476 2168 1697 2227 relatae
1759 2168 1835 2225 ad
1880 2186 2100 2243 cogno·

131 2266 450 2317 scentem.»
476 2258 498 2291 ²

249 2458 265 2489 ¹
309 2460 412 2509 «Le
452 2476 570 2509 sens
609 2476 873 2521 commun,
913 2478 946 2525 y
984 2460 1203 2526 compris
1242 2461 1289 2509 le
1328 2478 1445 2510 sens
1484 2460 1684 2521 intime,
1743 2459 1829 2524 qui
1868 2460 1988 2509 etait
2026 2476 2097 2508 re—

135 2540 280 2604 garde
315 2556 410 2605 par
445 2541 520 2589 les
559 2540 887 2605 scolastiques
925 2558 1120 2591 comme
1158 2558 1221 2591 en
1262 2543 1400 2591 etant
1426 2558 1525 2591 une
1552 2541 1796 2600 fonction,
1837 2540 1966 2590 n'est
1992 2558 2096 2605 pas,

135 2636 528 2684 pensons-nous,
567 2638 636 2670 un
676 2638 792 2671 sens
831 2621 1022 2686 special
1061 2622 1261 2671 attache
1300 2618 1331 2670 *a
1366 2638 1434 2671 un
1472 2638 1663 2687 organe
1701 2621 2009 2680 determin63
2051 2622 2097 2670 le

134 2717 235 2749 sens
269 2718 498 2751 commun
572 2710 865 2766 roprement
902 2701 975 2749 dit
1012 2702 1189 2762 serait,
1242 2703 1384 2751 selon
1438 2719 1595 2762 noua,
1649 2703 1696 2751 le
1747 2702 1964 2767 pouvoir
2000 2718 2098 2767 que

137 2796 255 2829 nous
289 2798 448 2831 avons
485 2783 520 2830 d
539 2780 762 2831 associer
809 2798 904 2831 nos
956 2782 1243 2831 sensations
1293 2798 1425 2847 pour
1474 2784 1659 2831 former
1705 2783 1753 2830 la
1802 2782 2097 2848 perception

137 2861 278 2911 totale
313 2861 436 2911 d'un
475 2862 642 2925 objet;
695 2878 752 2911 ce
789 2863 1008 2927 pouvoir
1044 2880 1074 2911 a
1111 2878 1239 2927 pour
1275 2864 1397 2911 base
1450 2863 1725 2912 materielle
1776 2862 1849 2911 les
1900 2872 2098 2912 centres

140 2942 222 2990 des
257 2958 471 3007 organes
507 2942 599 2991 des
637 2958 755 2991 sens
792 2952 844 2991 et
879 2944 1015 2992 leurs
1053 2943 1205 2992 fibres
1241 2944 1651 2993 commissuraleS.
1707 2944 1880 3006 Quant
1903 2960 1965 2991 au
1990 2960 2098 2995 sens

142 3024 322 3082 intime,
360 3039 418 3072 ce
457 3024 608 3072 serait
644 3023 692 3073 le
729 3040 848 3073 sens
885 3024 1186 3074 musculaire
1226 3026 1289 3074 de
1328 3024 1591 3073 l'exercice
1628 3026 1692 3073 de
1730 3025 1780 3073 la
1816 3025 2097 3074 sensibilite

143 3113 358 3162 externe3
399 3112 449 3153 et
487 3101 674 3163 runai,
715 3120 812 3169 que
850 3104 1019 3154 revele
1057 3113 1203 3154 notre
1240 3106 1455 3169 pouvoir
1490 3103 1763 3154 d'associer
1800 3122 1895 3154 nos
1932 3122 2096 3155 sensa-

144 3181 263 3232 tions
295 3200 359 3232 ou
396 3185 462 3233 de
499 3185 573 3234 les
611 3186 894 3245 discernet,
945 3202 1010 3235 ne
1047 3186 1199 3235 serait
1234 3202 1326 3251 pas
1364 3185 1412 3235 le
1450 3185 1539 3233 fait
1577 3184 1729 3235 d'une
1767 3186 1951 3236 facult&
1988 3187 2095 3250 spea

148 3261 274 3323 ciale,
310 3264 433 3313 mais
471 3265 520 3313 le
557 3264 763 3314 resultat
802 3266 867 3314 de
905 3264 1130 3317 l'unicite
1170 3267 1235 3315 de
1273 3267 1323 3315 la
1360 3275 1550 3327 nature,
1591 3262 1710 3315 d’ou
1744 3266 1978 3317 emanent
2004 3284 2096 3315 nos

150 3342 364 3395 facultes»
409 3341 648 3409 (Mercier
681 3346 714 3394 1.
757 3363 798 3395 c.
840 3363 891 3409 p.
933 3344 1072 3411 207).

260 3421 280 3453 ²
311 3426 456 3475 Pescla
493 3426 526 3475 l.
569 3442 612 3475 c.
651 3427 718 3486 ΙΙ,
759 3426 878 3475 286.
944 3428 1024 3475 Cf.
1064 3428 1214 3475 etiam
1250 3427 1463 3474 Mercier
1496 3426 1528 3473 1.
1570 3441 1611 3472 c.
1652 3442 1701 3487 p.
1744 3435 1861 3485 257.
