2367 3850
659 929 1575 994 PRAENOTIONES.

243 1085 291 1141 I.
361 1091 846 1154 Anthropologiae
899 1091 1162 1140 definitio.
1246 1081 1729 1158 Anthropologia
1790 1077 2107 1158 (ἅνθρωπος

116 1183 178 1230 et
233 1166 420 1244 λόγος)
477 1181 595 1230 est:
657 1173 888 1229 scientia
941 1171 1182 1229 hominis
1224 1180 1338 1248 per
1392 1179 1685 1247 supremas
1736 1174 1854 1230 eius
1906 1190 2105 1230 causas

115 1261 395 1318 naturali
431 1261 640 1319 lumine
681 1267 1025 1336 comparata.
1112 1259 1375 1319 Dicitur:

242 1360 506 1427 scientia,
549 1357 585 1416 i.
631 1375 684 1417 e.
728 1369 984 1434 systema
1025 1357 1436 1433 cognitionum
1477 1368 1790 1430 certarum,
1836 1375 1990 1434 quae
2032 1375 2106 1418 ex

120 1447 441 1523 principiis
484 1447 661 1506 certis
702 1446 906 1505 stricto
949 1446 1162 1505 ordine
1204 1447 1405 1522 logico
1447 1457 1745 1518 eruuntur,
1790 1445 1940 1506 sicut
1979 1465 2105 1506 rem

121 1535 183 1592 in
227 1536 432 1610 logica
473 1534 904 1594 declaravimus
928 1536 960 1593 ¹.

244 1633 506 1700 hominis.
585 1635 722 1690 Hac
777 1650 929 1691 voce
968 1631 1263 1692 indicatur
1309 1632 1804 1710 anthropologiae
1846 1634 2105 1690 obiectum

125 1723 446 1791 materiale,
485 1739 606 1796 quo
635 1721 863 1780 scilicet
889 1721 1173 1788 convenit
1200 1741 1335 1781 cum
1366 1723 1641 1782 omnibus
1670 1723 1798 1782 aliis
1825 1722 2102 1794 scientiiS,

126 1829 284 1885 quae
328 1811 408 1868 de
449 1809 694 1870 homine
745 1821 880 1868 sunt
937 1806 1094 1886 (cum
1135 1811 1437 1870 anatomia
1482 1829 1534 1871 e.
1579 1831 1635 1888 g.
1655 1859 1668 1884 ,
1712 1811 2104 1888 physiologia,

127 1899 496 1976 pathologia,
541 1895 709 1974 aliis),
754 1910 815 1959 et
855 1898 1233 1976 distinguitur
1273 1900 1351 1960 ab
1392 1900 1524 1973 illis,
1570 1919 1725 1977 quae
1754 1901 1831 1961 de
1860 1900 2105 1959 homine

128 2007 256 2048 non
297 1988 607 2063 inquirunt
645 1984 718 2063 (e.
749 2006 806 2064 g.
838 2009 874 2048 a
901 1990 1207 2065 theologia
1232 1985 1523 2065 naturali).
1584 1990 1748 2064 Quid
1791 1990 1866 2049 sit
1903 1991 2105 2061 home,

127 2079 508 2153 intellegetur
547 2078 670 2137 hoc
709 2078 842 2153 ipso
896 2088 1182 2153 tractatu3
1241 2080 1387 2155 quid
1436 2090 1633 2138 autem
1689 2080 1807 2139 hoc
1863 2078 2107 2138 nomine

129 2167 520 2243 significetur,
580 2167 858 2226 omnibus
897 2168 1017 2226 iam
1068 2168 1208 2227 satis
1264 2178 1473 2227 notum
1514 2180 1619 2241 est,
1674 2179 1739 2227 ut
1780 2168 1987 2239 sciant,
2031 2168 2107 2225 de

131 2274 395 2331 quanam
438 2274 504 2314 re
547 2256 894 2331 disputetur.

238 2362 357 2431 per
406 2362 700 2429 supremas
753 2356 871 2411 eius
925 2372 1137 2411 causas.
1226 2354 1457 2428 Quibus
1510 2354 1709 2413 verbis
1764 2352 2109 2429 exprimitur

129 2443 300 2502 huius
342 2442 628 2501 scientiae
684 2443 946 2500 obiectum
975 2444 1237 2517 formale
1281 2444 1377 2501 vel
1418 2442 1755 2501 differentia
1811 2442 2105 2517 specifica.

132 2534 281 2591 Sunt
321 2542 520 2589 autem
565 2548 779 2589 causae
820 2531 957 2590 illae
1000 2547 1343 2607 supremae:

251 2649 435 2688 causa
476 2630 682 2688 ultima
723 2629 1049 2689 intrinseca
1088 2632 1184 2689 vel
1226 2630 1463 2687 essentia
1506 2624 1674 2705 (quid
1716 2623 1827 2703 sit),

253 2745 437 2785 causa
476 2726 682 2784 ultima
723 2726 992 2786 efficiens
1036 2722 1217 2801 (unde
1258 2722 1501 2800 veniat),

253 2841 432 2881 causa
476 2822 680 2887 ultima
723 2823 916 2882 finalis
960 2819 1104 2899 (quo
1146 2820 1367 2899 vadat).

253 2920 650 2995 Distinguitur
678 2920 934 2995 proinde
969 2938 1044 2979 ex
1071 2923 1189 2979 hoc
1218 2920 1463 2997 speciali
1490 2930 1765 2995 respectu
1793 2918 2110 2991 anthropo-

135 3008 317 3085 logia:

260 3128 307 3165 1.
367 3108 444 3165 ab
487 3108 780 3164 anatomia
833 3107 1095 3164 humana
1115 3152 1127 3173 ,
1185 3124 1341 3181 quae
1398 3115 1486 3163 est
1539 3104 1617 3162 de
1671 3110 1962 3161 structura
2016 3100 2110 3159 vel

139 3194 574 3272 compositione
617 3195 888 3271 corporis
929 3196 1206 3266 humani3

261 3406 275 3437 ¹
317 3408 394 3457 Cf.
435 3408 534 3458 vol.
576 3410 616 3469 1,
664 3422 706 3457 1.
