2367 3850
1382 13 1402 28 t
1489 13 1573 21 ’·“’-
1593 13 2263 41 ν-ἱΓὝζ-Η--ζ-Ἷππ-
2296 13 2301 15 “

1441 49 1450 56 .
1714 39 1738 58 -“
1923 42 1935 54 ο·

248 215 313 265 32
322 215 349 250 2
846 213 1075 250 ETHICA.
1138 213 1278 250 PARS
1319 213 1619 250 SPECIALIS.

248 363 558 436 encyclica
598 362 655 420 d.
700 362 757 421 d.
808 364 880 420 28
910 363 1059 420 Dec.
1100 365 1252 434 1878
1297 362 1384 420 ius
1425 359 1807 437 proprietatis
1855 361 2028 437 «lege
2071 370 2248 418 natu-

246 452 355 510 rali
398 450 721 508 sancitum»
772 461 831 508 et
878 451 990 508 «ab
1032 451 1163 525 ipsa
1217 459 1431 507 natura
1470 450 1846 526 profectum»
1907 459 2120 523 vocat3
2177 449 2248 506 in

249 539 558 615 encyclica
598 541 814 598 Rerum
868 559 1147 598 novarum
1201 539 1343 596 data
1397 556 1582 614 opera
1637 538 1860 614 placita
1917 537 2250 596 socialismi

249 630 326 688 de
387 629 750 704 proprietate
809 629 1111 688 abolenda
1172 628 1403 686 refutat.
1501 630 1665 686 Inter
1723 627 1842 685 alia
1895 629 2053 688 haec
2113 626 2250 685 eius

249 719 434 776 verba
488 732 928 777 commemoro:
996 717 1394 776 «Remedium
1447 728 1792 793 proponunt
1856 711 2245 792 [socialistae]

249 825 384 865 cum
427 807 643 866 iustitia
682 817 889 882 aperte
932 825 1224 884 pugnans,
1272 805 1411 882 quia
1453 805 1760 882 possidere
1815 824 1914 865 res
1958 806 2244 882 privatim

250 907 311 954 ut
352 914 486 954 suas
528 896 615 954 ius
658 906 747 955 est
786 897 1016 954 homini
1060 916 1096 954 a
1136 906 1349 954 natura
1389 895 1648 955 datum.»

1022 1087 1357 1135 ARTICULUS
1397 1099 1459 1135 11.

609 1209 881 1258 FALSAE
920 1208 1366 1259 SENTENTIAE
1403 1207 1855 1258 REICIUNTUR.

832 1345 868 1413 ξ
912 1361 953 1398 1.
1013 1350 1333 1400 Socialismi
1369 1350 1647 1400 refutatio,

372 1464 416 1522 I.
462 1474 756 1522 Refutatur
792 1473 1153 1523 socialismus
1191 1473 1518 1537 praesertim
1557 1471 1989 1521 democraticum

381 1607 404 1643 1
417 1633 429 1644 .
473 1586 831 1644 Socialismus
857 1586 1044 1661 salsis
1084 1588 1355 1644 innititur
1381 1563 1798 1660 fundamentis.

375 1679 432 1759 a)
476 1685 649 1742 Falsa
690 1693 779 1742 est
817 1684 1049 1742 theoria
1089 1683 1168 1741 de
1210 1681 1550 1740 evolutione
1591 1681 2050 1740 materialistica.

376 1768 433 1848 α)
478 1773 897 1831 Evolutionem
926 1771 1087 1831 enim
1116 1770 1616 1830 materialisticam
1635 1771 1854 1829 ordinis
1879 1771 2082 1828 mundi
2107 1789 2244 1828 non

255 1861 447 1919 minus
490 1863 868 1920 scientiarum
896 1860 1129 1938 placitis
1162 1877 1344 1937 quam
1373 1861 1588 1918 rationi
1617 1876 1970 1937 repugnare,
2017 1859 2079 1916 in
2111 1877 2248 1919 cos-

256 1951 517 2026 mologia
558 1951 676 2009 iam
719 1951 1085 2010 ostendimus
1114 1952 1147 2008 ¹.

378 2036 431 2116 β)
476 2040 754 2098 Evolutio
798 2051 994 2099 autem
1025 2041 1118 2098 vel
1148 2038 1508 2097 mutabilitas
1549 2039 1852 2097 veritatum
1879 2030 2272 2113 fundamen?

256 2131 455 2186 talium
490 2130 780 2202 religionis
805 2131 900 2187 vel
920 2130 1263 2186 moralitatis
1292 2127 1601 2186 evidenter
1630 2127 1845 2186 rationi
1872 2139 2180 2205 repugnat
2207 2128 2243 2186 ².

374 2213 436 2293 b)
480 2220 716 2276 Falsum
758 2229 846 2276 est
886 2218 1278 2293 principium:
1326 2218 1600 2292 Aequale
1643 2216 1732 2276 ius
1765 2226 1825 2275 et
1852 2220 2108 2292 aequale
2159 2217 2245 2276 of-

255 2308 455 2365 ficium
509 2307 801 2387 omnibus,
892 2309 1063 2365 «Iura
1117 2307 1278 2365 enim
1333 2305 1622 2364 naturalia
1677 2317 1813 2365 sunt
1853 2307 2104 2382 quidem
2152 2324 2248 2365 ae-

260 2397 458 2472 qualia
474 2442 486 2466 ,
545 2396 593 2453 si
635 2397 907 2455 homines
965 2396 1421 2455 considerantur
1461 2394 1524 2453 in
1566 2397 1848 2454 abstracto
1903 2396 2246 2455 secundum

256 2487 445 2543 solam
486 2495 756 2543 naturam
799 2486 1157 2560 specificam.
1245 2487 1326 2542 At
1367 2502 1752 2560 nequaquam
1793 2485 2074 2545 homines
2103 2496 2248 2545 sunt

257 2576 537 2649 aequales
554 2620 568 2646 ,
626 2574 674 2632 si
730 2574 1182 2632 considerantur
1225 2574 1298 2631 *in
1356 2581 1603 2632 concreto
1657 2574 1988 2633 secundum
2031 2574 2248 2633 indivi-

258 2663 462 2721 duales
523 2662 942 2734 condicioneS‚
1004 2664 1067 2720 in
1130 2663 1342 2737 quibus
1401 2672 1740 2722 nascuntur.
1823 2663 2008 2721 Filius
2067 2684 2124 2722 v.
2188 2684 2244 2739 g.

255 2753 517 2810 nascitur
574 2773 609 2811 a
668 2763 837 2829 patre
897 2762 956 2811 et
1014 2763 1204 2810 matre
1263 2752 1618 2827 dependens
1674 2762 1981 2827 tamquam
2038 2772 2076 2810 a
2135 2772 2245 2812 suo

256 2842 552 2918 principio
595 2852 653 2900 et
693 2840 870 2900 variis
912 2842 1123 2900 officiis
1165 2860 1310 2917 erga
1351 2843 1600 2901 eosdem
1638 2842 2057 2917 adstringitur3
2101 2843 2248 2901 hinc

257 2950 639 3007 nequaquam
683 2931 896 2990 eadem
924 2930 1052 2988 iura
1080 2942 1139 2990 et
1167 2931 1366 2989 officia
1392 2932 1575 2990 habet
1602 2950 1674 2989 ac
1703 2940 1874 3006 pater
1901 2941 1962 2989 et
1989 2942 2241 2991 mater.»

378 3022 694 3079 Praeterea
747 3038 819 3079 ex
875 3020 1121 3079 diversis
1175 3019 1365 3095 iisque
1421 3019 1831 3095 inaequalibus
1885 3019 2110 3078 dotibus
2151 3022 2246 3079 vel

236 3110 560 3168 virtutibus
600 3110 661 3167 in
703 3110 949 3168 diversis
990 3108 1334 3167 hominibus
1385 3108 1796 3167 exsistentibus
1850 3107 2092 3168 diversa
2135 3110 2247 3169 ori-

260 3208 434 3256 untur
474 3198 536 3255 in
578 3197 719 3274 ipsis
762 3198 889 3257 iura
931 3209 990 3257 et
1032 3198 1248 3269 officia,
1294 3216 1488 3272 eaque
1529 3196 1886 3273 inaequalia.

386 3386 403 3416 ¹
442 3388 521 3435 Cf.
562 3388 659 3435 vol.
695 3389 736 3445 Ι,
778 3402 882 3447 404
920 3406 1028 3453 sqq.
1177 3388 1199 3419 ²
1237 3390 1313 3439 Cf.
1355 3407 1504 3455 supra
1542 3408 1592 3454 p.
1633 3402 1735 3451 272
1763 3408 1870 3456 sqq.
