2367 3850
553 0 710 32 ‘aff-'¹502
720 0 810 24 '“;''·
825 0 891 26 ''⁴⁰⁰⁴‘'
922 0 935 10 ¹

347 41 356 50 ,
417 39 466 48 ι-.
487 25 660 60 5⁴·‘.‘'.t*.:“

611 224 687 261 DE
726 224 825 262 DEI
866 221 1120 261 INFLUXU
1161 223 1223 261 IN
1258 221 1534 261 MUNDUM.
1958 221 2053 260 211

93 389 126 427 a
161 372 337 444 notiS,
380 390 530 448 quas
570 373 748 432 nobis
789 383 1116 449 conceptus
1157 373 1410 432 iustitiae
1439 372 1557 432 Dei
1598 381 1856 448 expresse
1882 371 2065 430 mani·

93 461 275 520 festat.

206 569 260 624 3.
306 551 676 609 Admittenda
715 558 799 609 est
823 552 1071 628 proinde
1097 552 1375 610 distinctio
1403 552 1645 609 rationis
1672 551 2060 619 ratiocinante,

88 657 227 712 quae
267 647 456 698 tamen
495 659 608 698 non
650 647 734 698 est
756 641 1044 716 perfecta,
1086 641 1191 698 scd
1208 640 1556 717 imperfecta.
1628 639 1770 698 Non
1812 651 1901 698 est
1936 657 2064 714 per-

90 728 273 800 fecta,
330 729 474 804 quia
529 729 592 787 in
638 731 775 788 Deo
824 731 986 788 nulla
1040 739 1237 806 potest
1292 747 1420 788 esse
1478 728 1835 804 compositio
1888 738 2067 787 meta-

92 817 364 892 physica,
409 827 499 876 est
539 827 743 876 tamen
784 817 1138 894 imperfecta
1154 865 1167 891 ,
1213 817 1354 894 quia
1394 818 1459 875 fit
1499 836 1636 876 cum
1678 817 2066 875 fundamento

91 907 460 982 imperfectO,
504 907 670 982 quod
699 907 996 966 invenitur
1023 919 1148 966 tum
1175 907 1238 964 in
1268 907 1498 965 infinita
1526 905 1643 966 Dei
1676 905 2063 982 perfectione,

89 1005 206 1053 tum
263 996 324 1053 in
365 996 714 1055 limitatione
757 995 1089 1056 intellectus
1129 996 1348 1068 nostri,
1406 995 1697 1054 infinitam
1744 994 1904 1053 illam
1946 994 2064 1054 Dei

89 1085 522 1158 perfectionem
573 1104 695 1145 uno
739 1096 1037 1162 conceptu
1092 1085 1369 1162 explicite
1428 1084 1761 1160 exprimere
1805 1101 1928 1142 non
1970 1103 2065 1142 va-

88 1174 274 1246 lentis,
303 1176 414 1234 sed
440 1175 782 1234 necessario
813 1176 921 1233 sub
949 1173 1261 1251 multiplici
1290 1183 1607 1250 conceptu.
1666 1172 2065 1232 Nihilominus

91 1274 332 1339 propter
372 1263 492 1322 Dei
533 1263 973 1340 simplicitatem
1015 1274 1074 1324 et
1113 1264 1486 1324 diversorum
1526 1263 1937 1322 attributorum
1980 1261 2063 1318 in-

90 1351 372 1412 finitatem
426 1353 490 1411 id
507 1399 522 1426 ,
581 1354 747 1428 quod
801 1355 975 1412 nobis
1031 1356 1140 1413 sub
1188 1353 1584 1413 determinato
1638 1362 1937 1427 conceptu
1980 1368 2065 1409 re-

91 1452 560 1515 praesentamuS,
617 1461 669 1502 e.
713 1461 769 1519 g.
815 1444 922 1503 sub
965 1444 1104 1502 idea
1157 1443 1485 1520 sapientiae
1502 1487 1517 1514 ,
1574 1451 1662 1501 est
1711 1441 1840 1516 ipse
1882 1441 2063 1512 DeuS,

91 1532 226 1603 quia
277 1531 408 1608 ipsa
463 1531 616 1590 ratio
667 1532 820 1590 entis
875 1551 986 1609 per
1039 1551 1103 1590 se
1154 1531 1349 1608 ipsum
1390 1541 1525 1590 actu
1581 1531 1907 1589 exsistentis
1963 1529 2066 1586 im-

93 1618 284 1692 plicite
326 1621 389 1679 in
434 1621 601 1680 omni
644 1631 941 1698 conceptu
984 1622 1059 1680 de
1104 1624 1241 1681 Deo
1286 1621 1638 1680 continetur.

913 1801 1132 1860 CAPUT
1174 1817 1236 1859 11.

168 1924 278 1982 DE
322 1924 498 1984 DEO
541 1923 824 1985 PROUT
867 1923 1525 1984 CONSIDERATUR
1568 1922 1982 1983 INFLUXUS

662 2015 916 2074 IPSIUS
957 2014 1048 2073 IN
1088 2014 1487 2074 MUNDUM.

211 2158 644 2205 Praenotnmen.
732 2148 824 2204 Ex
879 2146 1250 2222 cosmologia
1314 2146 1531 2206 scimus
1594 2165 1701 2205 ens
1756 2164 1793 2203 a
1847 2162 1910 2203 se
1970 2146 2064 2202 vel

93 2236 284 2293 Deum
325 2235 617 2293 mundum
660 2253 910 2295 creasse.
973 2235 1172 2294 Posita
1212 2254 1357 2295 vero
1400 2236 1721 2307 creatione,
1765 2245 1882 2293 tres
1919 2234 2067 2293 alios

93 2322 421 2383 invenimus
463 2324 527 2382 in
569 2326 704 2384 Deo
747 2323 997 2382 influxus
1039 2324 1100 2382 in
1141 2324 1447 2384 mundum.
1532 2327 1697 2384 Deus
1739 2325 1898 2383 enim
1942 2340 2064 2380 non

94 2414 278 2472 solum
305 2414 599 2471 mundum
629 2414 867 2485 creavit,
914 2413 1020 2473 sed
1049 2414 1242 2489 ipsum
1283 2414 1346 2471 in
1376 2432 1504 2473 esse
1540 2414 1824 2473 continuo
1854 2422 2064 2483 servat,

95 2501 270 2562 immo
327 2504 410 2562 ad
456 2521 668 2561 omnes
723 2504 1103 2580 operationes
1157 2515 1560 2563 creaturarum
1615 2502 1697 2561 ita
1753 2501 2067 2573 concurrit,

99 2602 155 2649 ut
181 2592 259 2649 ad
287 2593 440 2651 fines
469 2593 548 2650 ab
575 2591 708 2668 ipso
737 2592 1040 2668 praevisos
1073 2593 1332 2667 singulas
1360 2610 1454 2651 res
1484 2592 1798 2651 conducat.
1863 2590 2066 2664 Quare

95 2681 163 2739 de
191 2683 626 2751 conservatione,
657 2682 734 2741 de
754 2700 1018 2739 concursu
1045 2682 1256 2752 divino,
1286 2682 1364 2741 de
1382 2682 1747 2757 providentia
1776 2680 2070 2739 disserunt

95 2770 450 2846 philosophi.

205 2862 335 2917 Iam
363 2876 510 2918 vero
541 2860 618 2918 de
649 2860 808 2918 facto
848 2878 1092 2919 necnon
1136 2860 1212 2919 de
1256 2869 1528 2936 tempore
1567 2857 1885 2919 creationis
1927 2856 2071 2915 dixi-

92 2966 214 3006 mus
256 2949 322 3006 in
365 2948 736 3023 cosmologia
759 2950 793 3007 ¹.
878 2951 973 3007 De
1015 2948 1287 3008 libertate
1329 2967 1473 3007 vero
1516 2949 1633 3008 Dei
1688 2948 1750 3005 in
1803 2946 2067 3007 creando

91 3055 331 3096 necnon
387 3037 466 3095 de
508 3039 628 3096 fine
670 3048 916 3113 propter
971 3056 1152 3114 quem
1195 3038 1446 3109 creavit,
1511 3038 1777 3097 dicemus
1832 3036 1934 3095 ubi
1989 3035 2066 3093 de

91 3129 392 3185 voluntate
454 3126 658 3186 divina
715 3145 913 3187 sermo
975 3130 1100 3187 erit.
1205 3130 1300 3187 De
1361 3127 1736 3203 providentia
1804 3126 2066 3200 denique

91 3216 292 3274 divina
347 3216 678 3275 secundum
734 3228 960 3276 rectam
1015 3217 1172 3276 viam
1230 3227 1289 3276 et
1344 3217 1639 3277 rationem
1694 3216 1901 3275 melius
1955 3215 2068 3273 dis-

213 3410 230 3441 ¹
271 3412 350 3463 Cf.
390 3413 490 3463 vol.
532 3413 569 3472 Ι,
613 3412 716 3475 398
754 3430 862 3477 sqq.
903 3422 953 3461 et
991 3425 1096 3472 410
1135 3429 1244 3476 sqq.

1629 3512 1687 3558 14
1710 3499 1737 3528 ¹¹*
