2367 3850
208 226 284 266 DE
327 227 683 268 mTRINsEco
721 227 1063 268 DiscmeNE
1104 227 1281 269 1NTER
1322 227 1525 268 BONUM
1568 227 1640 268 εἰ·
1680 229 1901 270 MALUM.
1980 228 2081 284 273

113 377 334 436 dentis»
415 397 601 454 quam
669 389 888 438 vocant
960 379 1201 456 patroni
1268 380 1547 439 hodierni
1616 375 1791 455 (Aug.
1848 381 2081 452 Comte,

115 464 149 537 †
191 471 375 543 1857,
441 468 640 526 Stuart
679 467 827 539 Mill,
872 464 912 541 †
962 471 1067 542 187
1078 463 1173 543 3);
1230 468 1328 526 vel
1368 470 1441 526 ab
1494 470 1801 527 evolutione
1838 471 2085 544 quadam

116 555 390 613 dialectica
407 578 428 614 .·
488 556 654 614 cuius
713 557 1043 632 systematis
1085 557 1241 616 inter
1282 557 1543 616 fautores
1584 557 1941 634 praecipuos
1983 576 2088 617 no·
2150 544 2165 555 ’

117 644 425 704 minandus
471 654 561 704 est
601 647 854 705 Paulsen
882 648 916 704 ¹.

228 728 291 808 b)
334 735 545 793 Altera
597 753 742 793 vero
798 735 1000 794 classis
1055 735 1349 795 rationem
1404 736 1567 793 illam
1624 735 1686 794 in
1738 735 1929 795 libera
1969 736 2085 795 Dei

119 823 412 882 voluntate
471 825 680 882 ultimo
739 825 995 900 reponit.
1079 826 1170 882 Ita
1230 823 1567 882 Pufendorf
1621 819 2084 900 (1632—1694).

235 933 285 971 2.
341 912 471 970 Nos
513 931 658 972 vero
700 931 838 971 cum
879 912 1247 972 scholasticis
1302 913 1721 972 contendimus
1762 913 2086 973 discrimen

123 1000 255 1058 illud
308 1001 454 1060 oriri
508 1020 584 1061 ex
637 1003 867 1060 ratione
909 1001 1245 1061 actionibus
1300 1003 1657 1077 quibusdam
1715 1002 1965 1060 omnino
2006 1004 2086 1060 in·

121 1093 384 1159 trinseca,
442 1091 523 1148 ita
580 1101 643 1149 ut
697 1109 902 1150 earum
942 1093 1224 1150 honestas
1264 1092 1362 1149 vel
1402 1091 1745 1150 inhonestas
1799 1111 1836 1148 a
1877 1093 2088 1150 nullius

122 1179 443 1251 voluntatiS,
486 1198 568 1239 ne
609 1181 848 1238 divinae
891 1179 1153 1254 quidem,
1198 1179 1443 1238 arbitrio
1485 1180 1766 1255 pendeat.

235 1268 638 1326 Concedimus
679 1269 923 1343 quidem
967 1287 1098 1328 esse
1140 1269 1425 1340 actioneS,
1478 1287 1635 1344 quae
1677 1269 1817 1327 ideo
1858 1279 2086 1327 tantum

128 1367 248 1413 sunt
283 1357 589 1415 moraliter
641 1359 839 1416 bonae
880 1360 976 1416 vel
1031 1360 1257 1430 malae,
1322 1359 1459 1433 quia
1512 1369 1648 1416 sunt
1702 1359 1837 1432 lege
1890 1358 2087 1432 aliqua

128 1456 474 1521 praeceptae
532 1446 630 1504 vel
684 1446 1038 1522 prohibitae.
1127 1447 1247 1504 Sed
1302 1457 1613 1523 praeterea
1672 1446 2089 1505 contendimus

130 1550 246 1591 esse
281 1535 492 1592 saltem
535 1534 760 1609 aliquas
789 1536 1074 1606 actioneS‚
1121 1554 1275 1610 quae
1304 1536 1785 1611 independenter
1813 1535 1892 1592 ab
1921 1534 2086 1593 omni

131 1622 416 1680 voluntate
457 1622 577 1681 sint
619 1643 727 1698 per
769 1642 833 1683 se
873 1626 1071 1683 bonae
1114 1627 1211 1683 vel
1265 1626 1458 1683 malae
1477 1670 1489 1694 ,
1553 1634 1612 1682 et
1659 1624 1913 1699 proinde
1969 1625 2090 1681 ideo

117 1713 358 1788 praecipi
407 1714 507 1770 vel
544 1714 848 1788 prohiberi
895 1715 1158 1785 debeant,
1214 1716 1353 1788 quia
1404 1721 1542 1772 sunt
1577 1715 1839 1771 honestae
1878 1714 1974 1771 vel
2007 1715 2089 1770 in-

133 1799 392 1859 honestae.

233 1934 439 1984 Thesis
475 1936 755 1998 probatio.
836 1929 883 1984 I.
927 1928 1361 1984 Demonstratio
1402 1926 1629 1984 directa.

239 2051 285 2089 1-.
347 2032 457 2089 Ex
500 2035 778 2091 communi
813 2039 869 2089 et
893 2041 1174 2109 perpetua
1215 2033 1502 2091 hominum
1519 2034 1902 2108 persuasione.
1966 2033 2091 2090 Ho-

132 2119 337 2176 minum
382 2121 545 2179 enim
574 2122 810 2193 iudicia,
854 2123 962 2181 etsi
1004 2124 1066 2179 in
1108 2122 1305 2180 multis
1333 2122 1666 2181 actionibus
1694 2120 2092 2179 diiudicandis

128 2224 548 2283 saepenumero
590 2210 897 2282 differunt,
956 2210 1079 2269 sive
1122 2221 1368 2286 propter
1409 2210 1884 2267 insufficientiam
1927 2210 2091 2267 intel-

127 2296 313 2368 lectuS,
357 2298 484 2357 sive
527 2309 775 2373 propter
815 2299 1099 2371 influxum
1141 2299 1486 2374 passionum
1530 2309 1793 2357 mentem
1835 2297 2091 2356 nubibus

129 2385 574 2459 obducendum,
633 2387 695 2444 in
736 2388 1036 2446 nonnullis
1078 2397 1278 2447 tamen
1323 2389 1570 2445 omnino
1626 2387 1991 2445 conveniunt
2032 2397 2092 2444 et

131 2491 351 2549 semper
410 2488 839 2535 convenerunt.
943 2477 1172 2535 Omnes
1243 2477 1403 2535 enim
1472 2478 1783 2533 invincibili
1845 2476 2091 2550 quadam

119 2567 468 2636 persuasione
522 2564 790 2624 iudicant
843 2584 968 2623 non
1027 2584 1237 2623 omnes
1294 2564 1559 2623 actiones
1602 2583 1675 2622 ex
1718 2583 1781 2623 se
1837 2583 1966 2622 esse
2011 2564 2091 2621 in-

128 2651 472 2725 differenteS‚
517 2654 624 2713 sed
668 2671 798 2712 esse
839 2654 1162 2713 discrimen
1220 2654 1528 2728 quoddam
1586 2654 1896 2712 essentiale
1939 2653 2094 2711 inter

127 2740 326 2814 plures,
368 2744 514 2801 alias
557 2743 784 2801 scilicet
826 2762 956 2801 esse
997 2744 1337 2802 necessario
1366 2743 1662 2812 honestaS,
1707 2742 1849 2799 alias
1890 2760 2092 2800 neces·

126 2829 270 2887 sario
323 2830 682 2890 inhonestas.
783 2832 881 2889 Sic
936 2850 1146 2891 omnes
1202 2832 1476 2889 homines
1536 2832 1792 2889 sentiunt
1850 2830 2087 2889 mentiri

239 3004 258 3036 ¹
290 3009 418 3058 Vide
439 3011 505 3058 de
523 3010 622 3059 hac
641 3026 696 3059 re
721 3010 970 3070 Cathrein,
998 3009 1179 3069 Recht,
1208 3008 1517 3057 Naturrecht
1542 3009 1646 3057 und
1666 3009 1906 3073 positives
1926 3008 2091 3057 Recht

133 3081 283 3147 (Frib.
316 3088 476 3153 1901)
518 3106 568 3154 p.
597 3090 646 3150 8,
685 3106 986 3156 responsum
1025 3090 1090 3138 ad
1128 3091 1505 3154 quaestionem:
1552 3089 1739 3137 «Giebt
1776 3104 1829 3137 es
1867 3089 1957 3137 auf
1977 3090 2091 3136 dem

133 3164 507 3232 Rechtsgebiete
544 3154 843 3234 allgemeine
861 3209 872 3232 ,
927 3170 1319 3219 unwandelbare
1358 3168 1578 3233 Begriffe
1616 3171 1723 3216 und
1762 3169 2090 3229 Grundsiitze,

134 3244 478 3298 insbesondere
517 3249 669 3299 einen
707 3251 977 3315 allgemein
1008 3250 1237 3314 gflltigen
1263 3248 1701 3313 Rechtsbegriff?»
1758 3249 1884 3296 Item
1910 3266 1961 3313 p.
1994 3250 2087 3308 76:

139 3326 227 3374 «Ist
261 3328 350 3377 der
388 3329 546 3378 Staatv
567 3331 647 3379 die
675 3330 861 3391 Quelle
897 3331 1023 3379 alles
1048 3330 1333 3379 Rechtes?»
1377 3336 1427 3376 et
1452 3345 1502 3392 p.
1532 3328 1627 3389 89:
1676 3328 1777 3376 «Ist
1806 3329 1885 3376 die
1912 3329 2091 3377 Volks-

132 3406 472 3473 iiberzeugung
509 3411 636 3458 oder
672 3412 764 3458 der
799 3410 1090 3473 Volksgeist
1128 3410 1209 3457 die
1249 3410 1395 3455 letzte
1434 3408 1616 3467 Qut-lle
1670 3408 1761 3454 des
1799 3408 2083 3455 Rechtes?»

219 3500 604 3550 Reinstadler,
635 3502 774 3541 Elem.
808 3502 964 3549 philos.
998 3500 1134 3539 schol.
1185 3500 1244 3538 11.
1702 3494 1765 3541 18
