2367 3850
265 216 366 266 272
847 216 1080 255 ETHICA.
1133 215 1273 254 PARS
1313 217 1648 255 GENERALIS.

381 368 428 426 Ι.
491 367 705 424 Utrum
748 365 1070 424 discrimen
1088 411 1102 436 ,
1165 367 1334 440 quod
1392 367 1547 423 inter
1604 367 1877 424 actiones
1938 363 2245 423 moraliter

263 455 453 512 bonas
495 464 554 512 et
595 453 864 512 actiones
917 454 1221 512 moraliter
1274 454 1461 512 malas
1513 453 1789 514 homines
1846 452 2249 512 communiter

263 553 526 619 ponunt,
583 542 657 600 sit
697 543 840 618 ipsis
881 542 1217 602 actionibus
1257 542 1643 601 intrinsecum
1698 563 1778 600 an
1821 541 2243 601 extrinsecum.

381 633 456 688 II.
505 631 564 690 Si
607 631 994 690 intrinsecum
1038 642 1126 690 est
1167 631 1313 690 illud
1356 631 1694 703 discrimen,
1740 632 1933 707 qualis
1980 631 2059 689 sit
2102 630 2247 688 ratio

263 719 362 778 illa
405 718 720 792 obiectiva,
767 737 841 779 ex
884 738 1002 796 qua
1044 720 1245 779 oritur.

1093 889 1314 948 CAPUT
1356 905 1395 949 1.

373 1005 486 1061 DE
530 1003 1071 1063 EXSISTENTIA
1112 1003 1591 1063 INTRINSECI
1634 1003 2155 1063 DISCRIMINIS

491 1093 748 1150 INTER
791 1092 1091 1150 BONUM
1134 1094 1245 1150 ET
1286 1094 1594 1152 MALUM
1636 1094 2017 1152 MORALE.

385 1225 607 1274 Thesis.
679 1215 831 1274 Sunt
867 1218 1109 1273 actiones
1149 1225 1453 1276 intrinsece
1495 1218 1758 1275 honestae
1785 1220 1882 1275 vel
1902 1218 2243 1274 inhonestae.

387 1348 578 1397 status
618 1347 985 1409 quaestionis.
1066 1341 1216 1398 Esse
1270 1340 1594 1399 discrimen
1649 1339 1895 1415 aliquod
1951 1338 2115 1397 inter
2168 1337 2247 1395 di-

265 1446 465 1486 versas
507 1428 774 1486 actiones
816 1429 1090 1500 moraleS,
1134 1428 1217 1486 ita
1258 1439 1321 1486 ut
1362 1428 1547 1487 dividi
1588 1429 1819 1504 possint
1859 1427 1923 1485 in
1978 1428 2247 1485 actiones

267 1517 546 1574 honestas
605 1527 664 1574 et
723 1517 1069 1576 inhonestas
1088 1563 1102 1589 ,
1163 1516 1563 1576 communiter
1619 1537 1656 1575 a
1712 1517 2093 1594 philosophis
2152 1515 2247 1572 ad-

269 1604 529 1664 mittitur.
633 1605 754 1664 Sed
822 1605 900 1664 de
969 1617 1181 1665 natura
1251 1606 1419 1665 huius
1487 1605 1844 1665 discriminis
1912 1625 2042 1664 non
2113 1622 2247 1663 con-

269 1693 531 1752 veniunt.

398 1803 446 1840 1.
505 1782 677 1840 Multi
719 1783 879 1841 enim
923 1783 1219 1842 rationem
1272 1783 1441 1842 huius
1498 1783 1855 1842 discriminis
1911 1782 2239 1841 actionibus

269 1869 412 1948 ipsis
454 1870 702 1930 omnino
743 1873 1112 1931 extrinsecam
1168 1891 1299 1933 esse
1355 1874 1589 1947 volunt,
1643 1891 1896 1948 quorum
1953 1870 2243 1933 sententia

269 1972 514 2019 vocatur
541 1962 927 2036 positivismus
966 1964 1215 2020 moralis.
1282 1963 1383 2021 Ad
1425 1962 1573 2021 duas
1614 1980 1760 2022 vero
1801 1963 2022 2021 classes
2064 1978 2238 2019 asser·

271 2059 432 2107 tores
474 2050 644 2108 huius
685 2050 1016 2108 sententiae
1059 2050 1266 2109 reduci
1308 2062 1582 2127 possunt:

393 2134 449 2213 a)
492 2139 661 2197 Prior
703 2149 790 2197 est
832 2139 1034 2199 classis
1075 2158 1301 2211 eorum,
1347 2140 1449 2215 qui
1492 2141 1787 2199 rationem
1840 2139 2013 2198 huius
2054 2136 2241 2198 discri-

271 2226 447 2286 minis
489 2229 561 2285 ab
601 2229 720 2302 ipso
759 2228 980 2286 homine
1021 2239 1213 2287 ortam
1256 2246 1385 2287 esse
1428 2228 1827 2304 contendunt3
1870 2239 1931 2287 et

394 2310 451 2390 α)
495 2317 594 2373 alii
635 2315 882 2390 quidem
925 2336 961 2375 a
1001 2317 1213 2391 legibus
1254 2319 1521 2387 civilibus,
1566 2319 1646 2376 ita
1687 2318 1947 2377 Hobbes
1976 2318 2026 2391 ¹3

395 2399 447 2479 β)
491 2404 589 2462 alii
649 2405 726 2462 ab
786 2406 1043 2481 opinione
1088 2406 1320 2481 publica
1377 2414 1434 2463 et
1488 2406 1793 2464 traditione
1807 2451 1824 2475 ,
1889 2406 2044 2464 inter
2099 2420 2237 2478 quos

273 2494 642 2551 St-Lambert
685 2488 1127 2568 (1717—1803)
1184 2494 1471 2570 multique
1516 2494 1871 2557 moralitatis,
1927 2494 2238 2570 «indepen-

401 2669 418 2701 ¹
453 2672 678 2720 Thomas
715 2671 934 2721 Hobbes
973 2668 1403 2736 (1588—1679),
1441 2671 1779 2738 philosophus
1816 2671 2019 2737 Anglus
2065 2678 2116 2720 et
2150 2685 2238 2717 em—

275 2752 466 2816 pirismi
523 2768 724 2815 parens,
799 2752 960 2799 Multa
1010 2752 1074 2800 de
1125 2752 1277 2801 rebus
1328 2751 1635 2813 moralibus,
1686 2752 1967 2817 religiosis,
2022 2750 2236 2800 civilibus

279 2832 591 2895 conscripsit.
665 2832 803 2880 Inter
840 2832 938 2880 alia
973 2831 1100 2880 haec
1138 2833 1316 2881 docet:
1378 2833 1629 2897 «Regulas
1679 2831 1803 2882 boni
1854 2840 1907 2881 et
1943 2830 2085 2891 mali,
2135 2830 2223 2876 iust

277 2920 326 2959 et
364 2910 564 2972 iniusti,
619 2911 816 2960 honesti
853 2920 904 2960 et
941 2911 1196 2961 inhonesti
1233 2928 1343 2961 esse
1380 2911 1521 2977 leges
1560 2912 1760 2971 civiles,
1814 2912 2061 2976 ideoque,
2112 2908 2235 2973 quod

277 2991 536 3055 legislator
572 2992 913 3055 praeceperit,
966 2991 1019 3039 id
1055 3008 1149 3055 pro
1188 2992 1355 3053 bono,
1404 2993 1542 3056 quod
1578 2992 1811 3052 vetuerit,
1867 2992 1921 3039 id
1972 3007 2068 3057 pro
2117 2988 2236 3037 malo

279 3071 568 3119 habendum
605 3086 732 3120 esse.
775 3110 784 3121 .
829 3108 838 3119 .
880 3109 892 3120 .
967 3073 1100 3119 Ante
1138 3072 1349 3136 imperia
1386 3072 1567 3121 iustum
1604 3081 1656 3120 et
1694 3071 1932 3120 iniustum
1978 3087 2077 3120 non
2128 3066 2235 3117 exsi-

279 3160 409 3199 stere
439 3188 448 3199 .
481 3188 490 3200 .
522 3189 532 3199 .
580 3151 926 3216 actionemque
964 3168 1164 3200 omnem
1203 3168 1295 3200 sua
1332 3160 1509 3201 natura
1559 3151 1887 3216 adiaphoram
1924 3166 2061 3209 esse;
2110 3146 2231 3213 quod

279 3232 407 3279 iusta
442 3231 523 3279 vel
562 3229 742 3277 iniusta
793 3231 883 3290 sit,
938 3248 967 3278 a
1019 3230 1126 3279 iure
1177 3230 1467 3295 imperantis
1519 3232 1803 3296 provenire.
1880 3232 2048 3296 Reges
2097 3229 2234 3294 igitur

278 3309 532 3371 legitime,
585 3323 714 3369 quae
766 3307 1042 3371 imperant,
1095 3311 1225 3357 iusta
1275 3311 1465 3359 faciunt
1515 3312 1843 3375 imperand03
1900 3326 2029 3374 quae
2063 3315 2227 3364 vetant,

279 3386 500 3431 vetando
537 3384 743 3429 iniusta»
790 3384 898 3445 (De
936 3388 1058 3433 Cive
1095 3402 1139 3434 c.
1186 3400 1265 3445 12,
1306 3386 1341 3451 ξ
1387 3387 1457 3451 Ι).
