2367 3850
297 201 364 264 64
739 215 1235 253 ANTHROPOLOGIA.
1303 217 1439 253 PARS
1480 215 1823 254 ANALYTICA.

416 365 492 422 II.
556 375 642 422 De
699 375 1090 423 efformatione
1146 373 1413 423 idearum.
1504 364 1643 440 Ope
1702 363 2135 440 phantasmatis
2192 363 2266 421 in-

296 454 563 512 tellectus
591 453 757 512 ideas
785 454 898 512 sibi
933 455 1209 512 efformat
1236 453 1483 512 diversis
1512 453 1977 529 operationibUS,
2023 471 2264 528 quarum
2363 467 2364 500 1

295 542 620 618 praecipua
648 553 739 601 est
772 543 1110 602 abstractio,
1183 543 1403 602 Modus
1431 561 1595 614 vero,
1640 560 1761 618 quo
1791 561 1900 618 per
1932 543 2267 601 abstractio-

296 650 436 691 nem
477 632 542 689 fit
583 631 847 707 cognitio
890 631 1333 704 intellectualiS,
1379 632 1683 708 processui
1742 650 1863 707 quo
1903 634 1970 690 fit
2008 633 2265 708 cognitio

297 720 591 794 sensitiva,
636 721 699 779 in
739 721 934 780 multis
977 731 1066 780 est
1107 722 1393 797 analogus
1418 722 1450 780 ¹.

419 809 581 868 Sicut
622 810 800 878 enim,
845 829 984 869 cum
1009 810 1280 870 videmus
1310 812 1574 870 colorem
1618 811 1679 867 in
1710 810 1908 884 aliqua
1940 829 2024 882 re,
2072 812 2267 870 oculus

297 899 582 958 abstrahit
623 919 658 957 a
685 917 855 972 son0‚
901 901 977 958 ab
1007 900 1214 972 odore,
1259 898 1335 958 ab
1366 899 1493 957 aliis
1526 899 1905 974 qualitatibus
1948 900 2265 975 corporeiS,

296 998 358 1047 ut
385 988 562 1048 unice
591 990 860 1052 colorem
888 989 1319 1065 apprehendat,
1352 989 1437 1046 sic
1466 989 1662 1059 etiam,
1695 1007 1830 1046 cum
1858 988 2265 1064 intellegimus

297 1088 534 1153 oportet
560 1077 888 1137 intellectus
915 1078 1297 1154 praescindat
1324 1096 1491 1136 suum
1522 1077 1839 1150 obiectum,
1872 1078 2267 1136 abstrahendo

297 1185 508 1226 omnes
549 1178 720 1226 notas
749 1166 1144 1226 individuales
1173 1177 1234 1226 et
1260 1185 1471 1226 omnes
1500 1166 1891 1226 condiciones
1918 1169 2265 1237 materiales

296 1266 360 1315 ut
399 1266 688 1332 appareat
729 1267 901 1332 typus
943 1257 1042 1316 ille
1085 1266 1145 1315 et
1185 1257 1491 1332 exemplar
1533 1265 1858 1328 aeternum,
1908 1257 2073 1316 iuxta
2114 1257 2268 1332 quod

298 1365 391 1406 res
433 1357 522 1406 est
579 1345 896 1404 constituta
942 1345 1005 1402 in
1047 1364 1150 1404 sua
1194 1346 1523 1421 quidditate
1568 1347 1664 1405 vel
1706 1346 1979 1405 essentia.
2066 1347 2267 1404 Talem

298 1437 714 1511 operationem
757 1453 967 1494 revera
1008 1436 1132 1494 fieri
1174 1436 1237 1493 in
1280 1435 1483 1506 nobiS,
1546 1435 1807 1495 evidenti
1866 1436 2266 1494 conscientiae

298 1525 636 1584 testimonio
666 1524 1017 1583 declaratur.
1074 1526 1340 1584 Vocatur
1381 1534 1577 1583 autem
1622 1545 1657 1583 a
1698 1525 2069 1584 scholasticis
2097 1535 2269 1584 meta-

298 1614 546 1689 phorice
594 1614 1088 1690 «phantasmatum
1129 1615 1529 1672 illuminatio».

421 1704 583 1762 Unio
624 1722 768 1762 vero
803 1703 1032 1762 'obiecti
1075 1703 1159 1762 sic
1202 1703 1455 1779 praecisi
1498 1722 1632 1761 cum
1676 1704 1977 1762 intellectu
2022 1705 2087 1762 fit
2114 1713 2269 1762 motu
2363 1723 2364 1728 ¹

300 1793 559 1867 quodam
603 1793 838 1868 passivo
881 1792 1051 1851 simul
1095 1802 1153 1850 et
1196 1793 1407 1851 activo.
1492 1793 1692 1850 Primo
1750 1793 1909 1850 enim
1968 1793 2267 1850 obiectum

297 1883 419 1958 agit
457 1882 520 1941 in
562 1881 942 1953 intellectum,
985 1892 1049 1941 ut
1091 1899 1226 1941 eum
1284 1882 1361 1940 ad
1416 1881 1869 1958 percipiendum
1926 1891 1987 1941 et
2042 1900 2268 1958 reprae-

295 1972 650 2031 sentandum
707 1972 938 2031 excitet.
1029 1972 1203 2045 Quae
1259 1971 1501 2047 quidem
1550 1974 1741 2047 passio
1782 1989 1891 2047 per
1932 1973 2265 2047 analogiam

295 2081 431 2120 cum
474 2062 820 2137 cognitione
865 2060 1064 2120 sensili
1107 2060 1325 2120 dicitur
1360 2062 1557 2137 species
1583 2063 1870 2137 impressa.
1930 2062 2268 2119 Intellectus

295 2151 516 2210 deinde
573 2152 650 2209 ab
707 2152 946 2210 obiecto
998 2169 1106 2209 suo
1149 2151 1228 2208 ad
1270 2150 1567 2226 agendum
1611 2149 2040 2209 determinatus
2080 2151 2268 2225 ipsum

293 2242 549 2317 percipit
592 2241 986 2316 exprimendo
1031 2240 1474 2298 similitudinem
1519 2239 1643 2298 eius
1686 2241 1747 2298 in
1790 2234 1851 2297 se
1885 2239 2037 2315 ipso,
2100 2240 2269 2313 Quae

293 2330 602 2406 perceptio
644 2330 738 2389 vel
780 2332 924 2388 actio
965 2330 1305 2404 exprimens
1348 2329 1562 2388 dicitur
1601 2332 1803 2404 species
1842 2337 2131 2405 expressa,
2180 2330 2268 2386 vel

293 2419 444 2490 idea,
489 2420 588 2478 vel
629 2420 814 2491 notio,
859 2420 953 2477 vel
995 2419 1245 2479 verbum
1287 2419 1519 2477 mentis,

411 2510 753 2567 Intellectus
808 2518 1004 2568 autem
1024 2556 1038 2581 ‚
1103 2519 1395 2583 quatenus
1452 2518 1540 2567 est
1596 2508 1659 2565 in
1723 2506 1991 2583 potentia
2050 2506 2130 2565 ad
2192 2508 2268 2563 in·

291 2598 697 2673 tellegendum
715 2643 729 2669 ,
785 2597 1002 2656 dicitur
1053 2599 1361 2656 intellectus
1402 2598 1723 2673 possibilzk,·
1782 2606 2076 2671 quatenus
2128 2614 2271 2654 vero

293 2687 698 2746 abstrahendo
756 2688 1013 2763 percipit
1064 2688 1365 2746 obiectum
1423 2706 1589 2746 suum
1647 2686 2091 2744 similitudinem
2150 2685 2271 2744 eius

290 2777 353 2834 in
394 2795 458 2835 se
501 2777 911 2852 exprimendO,
957 2776 1172 2835 dicitur
1214 2778 1519 2834 intellectus
1560 2794 1745 2850 agens.

414 2865 748 2925 Similitudo
791 2866 1055 2940 denique
1100 2866 1577 2925 intellectualiter
1620 2865 1908 2923 exhibens
1955 2866 2269 2923 essentiam

291 2955 377 3013 rei
431 2955 892 3029 cognoscendae
949 2965 1182 3013 exutam
1242 2954 1619 3029 qualitatibus
1674 2953 2159 3011 immaterialibus
2217 2963 2273 3011 et

293 3043 610 3103 individuis
667 3045 882 3102 dicitur
934 3046 1132 3121 species
1186 3044 1573 3117 intellegibile&
1660 3044 1833 3115 Quae
1890 3044 1998 3101 sub
2044 3042 2270 3117 duplici

291 3144 567 3208 respectu
611 3133 976 3192 considerari
1017 3143 1244 3209 potest:

419 3317 435 3347 ¹
474 3319 664 3367 Confer
698 3320 824 3369 haec
863 3336 976 3368 cum
1015 3319 1106 3379 iis,
1161 3336 1291 3384 quae
1329 3336 1480 3383 supra
1518 3315 1591 3383 (p.
1633 3316 1723 3381 41)
1776 3319 1986 3366 diximus
2039 3318 2103 3366 de
2152 3334 2267 3381 pro-

296 3414 439 3446 cessu
478 3398 715 3461 generali,
756 3400 1033 3447 secundum
1073 3414 1219 3462 quem
1262 3399 1314 3446 fit
1354 3400 1402 3446 in
1443 3400 1590 3446 nobis
1630 3399 1863 3447 sensatio.
