2367 3850
329 209 428 268 196
953 219 1294 258 THEOLOGIA
1332 219 1673 258 unvitans,
2320 97 2323 280 γ

442 368 698 427 Assertio
739 369 826 426 II.
873 398 945 412 -
989 368 1377 444 Perfectiones
1421 375 1817 426 creaturarum
1860 367 2125 444 simplices
2159 365 2269 423 Deo

321 460 518 516 insunt
541 457 890 533 formaliter
929 465 984 516 et
1021 461 1364 520 eminenter:
1404 457 1466 518 id
1507 468 1612 530 est,
1656 459 1793 516 Deo
1830 457 2073 532 quidem
2100 456 2273 514 insunt

324 547 650 607 secundum
692 547 984 606 rationem
1029 565 1195 607 suam
1237 546 1561 623 propriam,
1610 565 1782 622 quae,
1828 545 2120 604 abstracte
2158 563 2275 602 con·

321 637 593 708 siderata,
637 636 783 693 nihil
813 637 1062 695 includit
1090 636 1580 712 imperfectioniS,
1622 653 1827 711 neque
1853 646 2056 694 tamen
2084 634 2275 692 eodem

321 725 508 784 modo
550 724 750 783 insunt
803 745 876 784 ac
930 725 992 782 in
1036 725 1338 784 creaturis,
1422 727 1495 783 In
1535 725 1627 783 his
1668 724 1848 796 enim,
1890 725 1953 782 in
1995 734 2276 792 concret0,

323 824 458 873 sunt
497 814 779 874 limitatae
821 825 882 874 et
922 813 984 873 in
1027 824 1178 874 statu
1214 814 1673 890 dependentiae,
1720 825 2012 890 quatenus
2049 823 2177 871 sunt
2202 833 2279 870 ac-

325 913 555 979 ceptae,
600 914 836 963 creatae
866 923 901 961 a
931 904 1103 979 De03
1144 904 1209 961 in
1238 905 1374 962 Deo
1403 922 1565 974 ver0‚
1612 922 1747 961 cum
1790 904 1864 961 sit
1904 903 2132 960 infinite
2171 920 2280 976 per-

325 993 542 1064 fectuS,
600 992 798 1051 insunt
840 994 1080 1052 semotis
1126 993 1218 1051 his
1262 992 1539 1051 omnibus
1579 992 2146 1068 imperfectionibus,
2224 993 2279 1047 ln

326 1084 461 1141 Deo
491 1100 542 1140 e.
572 1100 630 1157 g.
661 1101 786 1141 non
829 1091 916 1140 est
956 1082 1108 1141 haec
1151 1084 1247 1140 vel
1276 1082 1394 1140 alia
1420 1081 1800 1158 participatio
1842 1080 2282 1156 intellegentiae.

325 1171 432 1230 sed
474 1170 604 1246 ipsa
640 1170 1064 1247 intellegentia,
1109 1171 1189 1229 ita
1232 1183 1295 1230 ut
1336 1181 1497 1230 recte
1541 1171 1799 1229 dicatur:
1844 1171 2013 1229 Deus
2053 1181 2139 1228 est
2176 1171 2281 1245 ipsa
2325 1175 2326 1232 Ῐ

323 1260 745 1335 intellegentia.

443 1387 703 1454 Assertio
761 1388 884 1447 III.
944 1419 1021 1428 —
1074 1387 1463 1463 Perfectiones
1520 1395 1919 1446 creaturarum
1980 1389 2187 1446 mixtae
2235 1386 2285 1442 in

326 1478 458 1536 Deo
498 1484 634 1535 sunt
673 1479 978 1535 eminenter
1009 1484 1232 1536 tantum
1250 1501 1270 1537 .·
1311 1478 1374 1535 id
1403 1487 1507 1550 est,
1550 1481 1613 1536 in
1640 1480 1759 1555 ξύει)
1800 1497 1913 1536 non
1940 1479 2288 1536 inveniuntur
2326 1474 2329 1602 Χ

314 1566 659 1641 formaliter
671 1588 692 1637 ,·
735 1565 874 1640 quia
915 1566 1246 1626 secundum
1289 1567 1582 1627 rationem
1610 1585 1778 1625 suam
1818 1566 2129 1643 propriam
2170 1582 2287 1622 con·
2327 1611 2328 1642 ἦ

329 1655 620 1714 sideratae
675 1654 986 1714 involvunt
1037 1655 1592 1731 imperfectionem3
1650 1657 1759 1715 sed
1814 1657 2019 1714 insunt
2072 1653 2288 1714 semotis

330 1745 441 1802 illis
483 1743 1053 1820 imperfectionibus.
1134 1745 1447 1820 Quidquid
1476 1763 1620 1804 vero
1648 1745 2041 1821 perfectionis
2068 1745 2179 1802 hae
2217 1761 2287 1799 ra-

329 1833 523 1892 tiones
564 1832 798 1905 dicunt,
856 1835 974 1892 hoc
1016 1835 1152 1894 Deo
1208 1835 1491 1893 convenit
1547 1834 2060 1910 praestantissimo
2108 1833 2287 1891 mode.

452 1975 823 2026 corollarium
861 1978 902 2025 1.
986 1968 1077 2025 Ex
1132 1967 1224 2027 his
1270 1967 1563 2044 sequitur,
1622 1979 1683 2027 ut
1736 1979 2144 2028 creaturarum
2183 1982 2289 2041 per·

331 2056 621 2115 sectiones
662 2073 870 2115 omnes
890 2102 903 2127 ,
961 2056 1070 2116 etsi
1113 2055 1191 2116 de
1232 2058 1371 2116 Deo
1412 2075 1623 2117 revera
1662 2058 2004 2134 praedicari
2052 2064 2291 2134 possunt,
2329 2056 2330 2083 ³

331 2162 456 2202 non
499 2145 826 2204 secundum
876 2146 1134 2204 eandem
1189 2156 1391 2205 tamen
1433 2146 1682 2205 omnino
1725 2148 2022 2207 rationem
2066 2146 2144 2206 de
2181 2145 2293 2220 ipso

331 2234 781 2310 praedicentur,
839 2234 874 2292 i.
921 2253 973 2293 e.
1017 2253 1141 2293 non
1183 2236 1439 2295 univoce
1479 2254 1595 2295 nec
1651 2237 1978 2296 secundum
2022 2236 2293 2295 rationem

334 2324 582 2381 omnino
625 2323 918 2381 diversam
960 2326 1055 2382 vel
1097 2324 1447 2398 aequivoce,
1492 2326 1598 2385 sed
1638 2326 1969 2385 secundum
2011 2324 2291 2401 quandam

335 2412 776 2472 similitudinem
818 2414 913 2471 vel
955 2414 1257 2487 analogice.

458 2545 829 2594 Corollarium
868 2548 936 2595 11.
1020 2536 1176 2595 Cum
1216 2555 1362 2596 vero
1404 2538 1691 2597 terminos
1733 2539 2022 2614 analogos
2066 2536 2295 2597 sciamus

336 2623 638 2700 duplicem
679 2625 904 2684 habere
934 2642 1191 2699 sensum,
1235 2625 1544 2702 proprium
1581 2627 1807 2686 scilicet
1834 2636 1894 2685 et
1920 2625 2296 2703 improprium

335 2714 430 2772 vel
473 2714 947 2790 metaphoricum
963 2761 977 2786 ,
1035 2734 1108 2774 ex
1149 2714 1325 2775 dictis
1367 2715 1509 2775 item
1560 2727 1812 2793 apparet
1856 2716 2150 2776 terminos
2190 2731 2299 2789 per-

340 2801 629 2861 fectiones
656 2802 957 2878 simplices
985 2803 1387 2880 exprimentes
1413 2804 1493 2863 de
1523 2807 1657 2865 Deo
1686 2805 1806 2863 dici
1834 2804 2103 2881 proprie,
2134 2804 2297 2861 immo

337 2891 526 2966 magis
568 2892 809 2967 proprie
852 2910 1034 2967 quam
1075 2894 1152 2952 de
1181 2894 1483 2966 creaturiS,
1525 2894 1773 2952 nomina
1814 2912 1959 2953 vero
2001 2891 2299 2970 perfectio-

340 2998 483 3038 num
523 2981 834 3039 mixtarum
877 2981 954 3040 de
995 2983 1281 3041 creaturis
1322 2983 1566 3058 quidem
1594 2984 1854 3060 proprie,
1900 2984 1977 3042 de
2008 2984 2147 3042 Deo
2174 2998 2298 3040 vero

339 3087 465 3127 non
507 3069 620 3128 nisi
661 3070 985 3145 improprie
1028 3072 1123 3131 vel
1166 3072 1577 3147 metaphorice
1620 3072 1740 3131 dici
1765 3074 1798 3131 ¹.

468 3245 483 3276 ¹
523 3246 600 3296 Cf.
627 3248 680 3295 S.
716 3248 902 3307 Thom„
943 3248 994 3298 S.
1036 3249 1191 3298 theol.
1232 3251 1271 3308 1,
1311 3267 1358 3315 q.
1408 3264 1485 3314 13,
1526 3268 1571 3299 a.
1612 3264 1659 3313 3.
1704 3260 1749 3313 5.
1788 3252 1851 3311 63
1892 3252 2012 3301 item
2049 3250 2297 3299 Hontheim

342 3326 374 3374 l.
417 3341 458 3373 c.
498 3341 547 3389 p.
590 3338 691 3387 303
730 3342 836 3390 sq.;
889 3328 1108 3377 Boedder
1140 3328 1173 3377 1.
1216 3345 1257 3378 c.
1298 3346 1347 3393 p.
1396 3340 1509 3393 125.
1552 3356 1617 3364 —
1657 3330 1847 3379 Recole
1885 3331 2041 3380 etiam
2090 3346 2213 3397 quae
2254 3329 2293 3375 in

344 3403 508 3466 logica
546 3404 610 3450 de
648 3403 727 3451 his
766 3407 986 3454 terminis
1025 3407 1388 3456 declaravimus
1426 3409 1524 3457 vol.
1564 3411 1603 3469 1,
1646 3410 1713 3459 28
1750 3420 1802 3459 et
1840 3423 1925 3473 29.
