2367 3850
557 205 562 210 ’
627 189 951 228 ORGANISMI
992 191 1334 230 COMPOSITIO
1372 193 1647 230 CREMICA.
2058 195 2118 244 13

261 356 316 393 2.
379 338 526 396 Etsi
569 345 738 396 tanta
779 346 860 396 est
894 340 1247 398 diversorum
1297 343 1750 415 organtsmorum
1802 342 2121 412 deversitas,

121 431 200 480 ut
211 427 569 502 plantarum
597 430 799 503 species
824 435 1192 487 numerentur
1216 431 1413 487 saltem
1432 444 1553 502 150
1573 447 1699 488 000
1718 437 1775 488 et
1788 433 2122 490 animalium

118 516 338 571 saltem
381 529 501 588 125
517 533 662 585 000,
707 517 1134 591 uniuscuiusque
1173 525 1361 578 tamen
1396 519 1593 594 speciei
1628 521 1869 577 evolutio
1908 529 2123 596 semper

112 605 216 678 fit
254 615 434 662 modo
477 614 762 662 constanti
779 649 792 672 ‚
843 607 932 662 ita
981 613 1050 663 ut
1098 613 1388 664 structura
1428 608 1618 664 eadem
1672 611 1749 666 sit
1796 618 2013 684 semper
2062 611 2124 666 in

119 694 395 750 omnibus
435 695 865 769 uniuscuiusque
903 697 1102 770 speciei
1137 696 1459 754 individuis.

259 801 319 854 3.
377 782 546 841 Haec
595 784 834 841 evolutio
859 785 960 858 'fit
1009 801 1128 841 cum
1169 795 1435 844 finalitate
1474 797 1719 857 quadam
1764 795 2069 846 intrinseca
2088 794 2121 855 ¹,

119 890 252 944 qua
299 873 494 928 omnia
547 873 694 928 miro
748 873 910 930 modo
964 874 1371 932 coordinantur
1424 882 1481 931 et
1526 875 1981 934 subordinantur
2018 878 2121 944 ita,

121 967 200 1016 ut
221 961 388 1035 fines
428 978 614 1018 omnes
653 961 1008 1019 diversorum
1049 981 1399 1036 organorum
1440 966 1759 1040 conspirent
1781 966 1866 1023 ad
1884 966 2123 1022 obtinen-

122 1050 271 1106 dum
296 1051 486 1124 finem
525 1067 702 1107 unum
716 1095 734 1119 ,
791 1052 895 1126 qui
931 1053 993 1108 in
1033 1054 1158 1109 vita
1212 1055 1381 1111 totius
1424 1054 1740 1127 organismi
1778 1055 2127 1130 perficienda

123 1139 280 1196 situs
321 1145 408 1196 est
422 1141 460 1196 ².

904 1247 1241 1296 ARTICULUS
1281 1259 1364 1296 111.

503 1359 904 1410 ORGANISMI
943 1360 1372 1410 COMPOSITIO
1413 1361 1751 1412 CHEMICA.

261 1483 338 1539 In
381 1491 508 1540 toto
552 1481 653 1540 illo
695 1501 979 1558 processu
1012 1484 1492 1542 combinationes
1532 1485 1799 1543 chemicae
1840 1503 1965 1544 non
1995 1496 2128 1544 sunt

129 1570 360 1629 nullius
403 1572 708 1630 momenti.
768 1571 982 1630 Omnis
1024 1571 1185 1631 enim
1220 1572 1609 1647 organismuS,
1653 1583 1717 1632 ut
1756 1574 1873 1632 alia
1901 1574 2129 1632 omitta-

133 1679 290 1730 muS,
334 1659 543 1718 ultimo
572 1661 882 1719 resolvitur
911 1661 972 1718 in
1002 1661 1353 1719 carbonium
1386 1655 1501 1736 (C),
1531 1661 1970 1738 hydrogenium
2000 1659 2127 1736 (H),

133 1749 512 1825 oxygenium
541 1745 663 1824 (O),
707 1749 1110 1825 nitrogenium
1141 1745 1242 1825 (N)
1262 1753 1301 1808 ⁸.
1360 1750 1733 1810 Carbonium
1760 1751 1821 1809 in
1851 1750 2128 1810 omnibus

133 1838 379 1896 cellulis
419 1849 480 1896 et
518 1838 760 1897 texturis
802 1839 1127 1898 invenitur:
1177 1857 1251 1897 ex
1293 1839 1742 1899 combinatione
1784 1840 1944 1898 enim
1988 1839 2126 1898 alio·

133 1947 274 1986 rum
318 1928 754 1987 elementorum
796 1947 932 1987 cum
987 1928 1120 2004 ipso
1175 1928 1450 1989 diversae
1495 1930 1762 1988 oriuntur
1802 1928 2127 2005 organismi

134 2016 619 2094 compositiones
663 2017 988 2076 chemicae.

263 2108 420 2164 Sunt
447 2116 646 2164 autem
673 2106 1142 2182 compositiones
1169 2108 1326 2178 illae,
1366 2117 1430 2165 ut
1456 2100 1790 2183 plurimum,
1820 2116 1943 2165 tam
1971 2124 2130 2165 com-

135 2196 380 2269 plexae,
423 2205 503 2267 ut,
548 2195 866 2263 fatentibus
893 2196 1034 2254 viris
1062 2195 1347 2255 scientiae
1377 2196 1714 2271 biologicae
1743 2194 2127 2272 peritissimiS,

138 2303 174 2341 a
218 2284 515 2342 chemicis
557 2284 820 2360 perspici
859 2303 984 2342 non
1028 2284 1274 2360 possint.

140 2492 662 2555 hervorgegangener
711 2490 848 2540 Stoff
891 2491 1001 2539 sich
1051 2499 1273 2555 spontan
1328 2491 1379 2538 in
1432 2490 1653 2539 lebende
1703 2491 1891 2539 Wesen
1943 2488 2131 2537 wieder

141 2570 475 2620 verwandeln
514 2571 704 2619 konne.
734 2608 746 2619 .
765 2608 786 2623 ,.
817 2608 828 2619 .
879 2572 988 2619 Aus
1025 2570 1348 2619 zahlreichen
1375 2570 1674 2620 Versuchen
1699 2586 1793 2633 pro
1822 2569 1926 2617 und
1952 2575 2130 2617 contra

144 2652 208 2701 ist
247 2650 566 2701 schliesslich
603 2651 694 2699 das
731 2650 930 2701 sichere
967 2650 1199 2700 Resultat
1250 2650 1731 2715 hervorgegangen,
1787 2648 1925 2707 dass,
1980 2662 2128 2695 wenn

143 2732 230 2781 die
263 2731 603 2795 organisierte
629 2732 842 2780 Materie
875 2732 1038 2781 durch
1073 2730 1426 2795 hochgradige
1452 2730 1732 2793 Erhitzung
1758 2725 1866 2791 (bis
1895 2724 2033 2775 200⁰
2060 2723 2128 2786 C)

144 2812 196 2859 in
235 2811 730 2875 zugeschmolzenen
756 2812 966 2859 Rbhren
1005 2811 1130 2859 aller
1167 2810 1426 2859 lebenden
1452 2809 1637 2858 Keime
1666 2808 1889 2857 wirkliclz
1918 2800 2131 2855 berau'bt

144 2892 340 2951 wurde,
381 2890 494 2939 dass
530 2891 666 2939 dann
705 2891 837 2940 auch
873 2891 1022 2939 keine
1049 2890 1360 2955 Urzeugung
1396 2888 1688 2938 stattfindet.
1742 2888 1895 2935 Danu
1922 2886 2013 2933 hat
2040 2883 2134 2931 der

146 2971 264 3021 Satz
291 2970 552 3035 Geltung:
591 2972 735 3023 Alles
760 2972 938 3020 Leben
975 2971 1171 3019 kommt
1208 2985 1325 3018 vom
1351 2968 1688 3031 Lebendigen
1716 2964 1929 3028 (,Omne
1963 2963 2131 3013 vivum

145 3068 208 3101 ex
245 3051 367 3099 ovo‘
405 3050 490 3099 vel
523 3066 601 3111 ,ex
637 3048 1109 3114 vivo‘)»'(Landois
1133 3051 1166 3098 1.
1196 3065 1239 3098 c.
1272 3066 1327 3113 -Ρ,
1363 3044 1541 3110 1026).
1595 3046 1673 3095 Cf.
1714 3046 1862 3093 etiam
1889 3043 2131 3104 Hertzmgn

147 3130 840 3195 Entwicklungsgeschichte
876 3147 926 3196 p.
969 3132 1033 3180 82
1075 3139 1127 3178 et
1165 3129 1249 3178 88.
1306 3130 1521 3179 Mercier
1556 3126 1588 3174 l.
1630 3144 1672 3175 c.
1712 3142 1761 3189 p.
1809 3138 1871 3185 19
1910 3140 1982 3187 sq.

277 3210 294 3241 ¹
332 3212 480 3273 Quid
527 3212 596 3260 sit
646 3210 864 3260 finalitas
917 3211 1223 3268 intrinseca,
1276 3209 1446 3258 recole
1496 3223 1559 3254 ex
1610 3204 1874 3267 ontologia
1926 3200 2051 3264 (vol.
2091 3199 2129 3254 Ι,

147 3310 198 3357 p.
241 3289 395 3355 309)·
747 3302 752 3307 “

273 3369 296 3401 ²
335 3372 416 3419 Cf.
458 3371 610 3421 Pesclt
647 3371 680 3419 l.
721 3386 762 3418 c.
804 3372 842 3429 I,
883 3380 950 3431 47
991 3387 1066 3433 sq.
1218 3366 1238 3396 ³
1277 3367 1371 3414 Vel
1410 3374 1623 3415 azotum.
