2367 3850
616 0 681 18 ''z-‘J
690 0 719 16 ‘k'
761 1 773 16 ι’

588 217 666 255 ΒΕ
703 217 970 255 INFINITA
1009 216 1110 254 DEI
1149 215 1561 253 PERFECTIONE.
1964 213 2059 267 19⁵

111 365 424 425 ratiocinari
479 384 662 442 quam
717 365 882 424 nullo
927 365 1110 424 modo
1157 382 1527 441 cognoscere
1574 363 2063 424 intellectualiter.

111 458 201 515 Est
237 467 433 515 tamen
476 455 769 532 perfectio
811 455 996 514 mixta
1009 503 1023 528 ,
1079 456 1221 532 quia
1275 455 1469 530 ipsum
1523 454 1667 512 illud
1727 451 2067 512 ratiocinari

109 546 236 604 dicit
272 561 646 621 cognoscere
676 554 790 621 per
828 546 1170 614 discursum,
1228 543 1394 620 quod
1449 543 1643 602 minus
1700 551 1787 602 est
1837 543 2065 601 bonum

107 637 204 693 vel·
226 635 556 711 perfectum
599 653 779 710 quam
821 651 1191 710 cognoscere
1232 634 1505 692 intuia‘ve.

212 760 285 816 H.
334 757 505 816 Circa
544 759 796 817 diversos
833 759 1038 828 modos,
1081 758 1375 816 secundum
1403 776 1539 832 quos
1569 755 1948 833 perfectiones
1988 757 2068 814 in·

108 866 208 905 esse
217 855 472 923 possunt.
505 878 580 887 —
609 849 734 907 Res
761 846 1199 924 perfectionem
1226 846 1487 922 aliquam
1537 847 1849 906 continere
1877 857 2073 923 potest

108 937 434 1008 formaliter,
477 936 938 1013 aequivalenter,
983 935 1323 1008 virtualiter,
1367 936 1718 996 eminenter.

211 1035 564 1096 Formaliter
629 1033 854 1110 aliquid
914 1033 1211 1093 invenitur
1270 1033 1333 1090 in
1392 1031 1593 1108 aliqua
1652 1051 1717 1092 re
1742 1079 1755 1106 ,
1824 1032 2069 1110 quando

104 1124 208 1200 ipsi
245 1124 398 1183 inest
437 1124 732 1182 secundum
761 1125 1069 1200 propriam
1103 1141 1266 1181 suam
1306 1124 1619 1194 rationem,-
1661 1122 1746 1181 sic
1776 1140 1827 1182 e.
1858 1142 1915 1200 g.
1948 1123 2069 1182 ani-

105 1214 320 1272 malitas
362 1213 690 1272 formaliter
731 1214 886 1272 inest
926 1212 1156 1272 homini
1197 1222 1260 1271 et
1298 1211 1541 1270 animali
1581 1213 1773 1271 brute.

213 1312 656 1388 Aequivalenter
710 1329 856 1370 vero
915 1311 1208 1387 perfectio
1268 1311 1439 1370 unius
1506 1310 1594 1370 rei
1653 1310 1949 1370 invenitur
2010 1310 2069 1367 in

106 1403 210 1459 alia
224 1448 238 1473 ,
297 1402 544 1477 quando
586 1399 668 1459 ibi
710 1393 802 1460 est
839 1401 1134 1459 secundum
1175 1403 1474 1471 rationem,
1529 1418 1676 1476 quae
1714 1399 1858 1458 idem
1900 1407 2071 1475 prae-

103 1499 212 1549 stat
245 1492 576 1551 secundum
619 1490 895 1549 virtutem
935 1493 1033 1549 vel
1076 1489 1408 1566 generatim
1450 1489 1779 1550 secundum
1822 1488 2071 1566 gradum

106 1581 352 1639 entitatis
411 1601 486 1638 ac
545 1578 745 1657 prior3
805 1579 891 1638 sic
947 1579 1289 1656 superficies
1345 1579 1618 1656 quadrati
1677 1579 1847 1637 unius
1902 1577 2073 1637 metri

104 1688 218 1729 non
275 1669 606 1729 formaliter
621 1716 635 1741 ,
697 1669 805 1728 sed
865 1670 1312 1744 aequivalenter
1370 1669 1667 1728 invenitur
1728 1668 1789 1725 in
1846 1677 2071 1728 rectan-

105 1762 252 1834 gulo,
297 1759 464 1819 cuius
506 1759 818 1834 longitudo
865 1769 954 1818 est
981 1750 1235 1818 duorum
1265 1769 1605 1830 metrorum,
1650 1756 1899 1816 latitudo
1926 1775 2071 1816 vero

105 1849 344 1908 dimidii.

193 1948 552 2017 ‚Virtualiter
591 1946 813 2006 deinde
867 1945 1094 2023 aliquid
1151 1955 1242 2005 est
1296 1945 1357 2004 in
1414 1944 1529 2004 alio
1547 1991 1560 2017 ,
1623 1944 1869 2021 quando
1900 1946 2073 2021 prius

102 2038 167 2094 ab
205 2038 390 2095 altero
418 2038 667 2114 produci
689 2043 880 2112 potest
889 2059 910 2107 ‚·
951 2035 1036 2095 sic
1079 2036 1262 2093 arbor
1302 2044 1390 2093 est
1420 2029 1678 2110 (partim)
1722 2034 1785 2092 in
1826 2032 2071 2103 semine,

102 2126 179 2184 sic
221 2126 377 2203 ignis
419 2136 510 2185 est
550 2126 614 2184 in
653 2126 834 2202 ligne.

211 2226 560 2283 Eminenter
615 2223 876 2298 denique
937 2222 1138 2299 aliqua
1196 2239 1294 2282 res
1353 2232 1443 2280 est
1501 2220 1563 2278 in
1622 2220 1737 2279 alia
1754 2264 1767 2291 ‚
1829 2220 2073 2296 quando

102 2315 156 2371 in
207 2314 340 2390 ipsa
392 2324 484 2373 est
539 2314 723 2372 multo
765 2312 1114 2388 perfectior,
1172 2312 1299 2382 vel,
1356 2309 1405 2369 si
1445 2326 1561 2369 vox
1614 2309 1859 2367 sumitur
1899 2326 2073 2367 sensu

103 2403 296 2462 stricto
313 2450 328 2476 ,
401 2414 468 2461 ut
521 2404 585 2461 fit
638 2402 702 2459 in
755 2401 1102 2473 theodicea,
1159 2399 1407 2477 quando
1467 2398 1529 2457 in
1581 2398 1713 2475 ipsa
1766 2408 1855 2457 est
1908 2415 2075 2473 prae-

103 2492 456 2552 stantissimo
499 2492 603 2567 qui
645 2509 775 2551 esse
815 2500 1010 2567 potest
1050 2489 1236 2549 modo
1252 2536 1267 2561 ,
1310 2490 1545 2548 sublatis
1583 2489 1785 2547 scilicet
1826 2488 2077 2546 omnibus

101 2581 610 2658 imperfectionibus
647 2581 744 2639 vel
777 2580 1217 2638 limitatzom’bus.

215 2732 526 2783 Doctrinae
565 2732 887 2783 declaratio.
949 2722 1182 2796 Quibus
1226 2721 1501 2780 omnibus
1544 2720 1873 2789 intellectiS,
1919 2719 2072 2777 ultro

100 2823 347 2889 apparet
387 2813 605 2872 veritas
645 2810 855 2871 harum
897 2810 1305 2872 assertionum.

213 2946 478 3006 Assertio
518 2946 569 3004 J.
615 2977 691 2984 —
740 2945 944 3005 Omnes
984 2952 1380 3003 creaturarum
1426 2941 1805 3018 perfectiones
1844 2940 1905 2997 in
1946 2938 2077 2996 Deo

99 3038 470 3095 inveniuntur
522 3036 719 3093 saltem
775 3034 1103 3093 virtualiter
1157 3041 1215 3091 et
1263 3032 1699 3107 aequivalenter.
1799 3027 2077 3104 Sequitur

101 3144 168 3184 ex
219 3125 379 3185 thesi
438 3124 517 3183 de
577 3122 880 3182 creatione
935 3122 1180 3182 mundi¹
1243 3132 1302 3181 et
1356 3138 1430 3180 ex
1487 3120 1719 3179 infinita
1773 3120 1891 3178 Dei
1946 3136 2077 3194 per-

101 3215 379 3283 sectione.

221 3408 238 3440 ¹
278 3409 399 3459 Vol.
438 3410 482 3470 Ι,
522 3408 624 3471 398
663 3424 773 3474 sqq.
