2367 3850
14 7 575 147 ,Γ

389 219 463 255 DE
500 218 961 265 OPERATIONIBUS
1002 220 1114 256 VEL
1154 219 1401 258 ACTIBUS
1441 221 1824 258 VOLUNTATIS.
2033 209 2100 272 85

126 366 421 426 sententias
462 384 691 442 easque
733 369 1209 448 contradictorias
1249 368 1497 427 firmiter
1552 378 1761 428 tenent
1779 414 1793 440 ,
1853 378 2104 444 propter

129 475 293 532 quam
343 473 391 514 e.
446 473 503 530 g.
561 455 1015 515 deterministae
1076 458 1419 516 libertatem
1476 467 1731 533 negant,
1803 458 2106 516 affirmant

128 545 610 604 indeterministae
627 592 642 617 ,
700 547 869 604 nulla
922 547 1038 605 alia
1093 546 1208 606 erit
1268 547 1383 606 nisi
1439 548 1713 624 impulsus
1759 548 2106 606 necessarius

127 635 448 694 intellectus.
535 636 693 693 Cum
749 646 951 694 autem
998 654 1073 694 ex
1114 637 1349 695 duabus
1391 636 1875 696 contradictoriis
1915 635 2104 694 altera

127 725 437 784 necessario
468 725 543 783 sit
570 742 731 798 vera,
778 727 965 784 altera
992 726 1340 785 necessario
1379 726 1546 796 falsa,
1590 725 1866 785 homines
1909 735 2102 795 erunt,

128 831 357 888 quorum
396 814 732 873 intellectus
777 814 1125 874 necessario
1170 814 1393 874 feratur
1434 816 1498 873 in
1561 815 1896 873 falsitatem.
1983 813 2106 872 Sed

127 903 346 977 quinam
386 913 564 962 erunt
602 903 881 962 homines
923 903 1034 975 isti,
1096 921 1356 978 quorum
1398 903 1736 963 intellectus
1777 903 1856 962 ad
1897 919 2106 960 verum

126 993 323 1051 fertur?
403 993 826 1065 Quorumnam
869 992 1210 1052 intellectus
1261 993 1341 1051 ad
1384 992 1701 1052 falsitatem
1743 989 2104 1068 impellitur?

127 1084 279 1140 Haec
314 1082 605 1157 quaesti0,
651 1092 873 1157 negata
913 1083 1212 1152 libertate,
1258 1102 1295 1140 a
1334 1083 1582 1141 nemine
1623 1099 1912 1156 umquam
1955 1079 2105 1138 solvi

126 1181 313 1246 potest,
355 1189 494 1230 cum
522 1170 755 1229 nullum
783 1172 939 1231 adsit
968 1171 1340 1230 obiectivum
1368 1169 1634 1230 veritatis
1663 1167 2104 1229 discernendae

123 1261 397 1320 criterium
420 1261 455 1317 ¹.

224 1345 282 1424 b)
343 1349 651 1408 «Arbitrio
707 1348 903 1408 libero
946 1349 1183 1409 sublato
1201 1395 1216 1421 ,
1277 1347 1575 1423 quidquid
1629 1347 1708 1406 ab
1762 1344 2106 1405 hominibus

122 1439 201 1510 fit,
251 1457 446 1514 aequa
500 1439 704 1497 ferrea
760 1438 1121 1497 necessitate
1179 1456 1256 1496 ex
1313 1454 1526 1496 eorum
1581 1446 1793 1494 natura
1842 1435 2102 1494 resultat.

122 1529 286 1603 Atqui
326 1546 485 1603 quae
531 1546 606 1586 ex
651 1529 785 1603 ipsa
825 1526 1091 1586 hominis
1147 1535 1366 1584 natura
1409 1525 1755 1585 necessario
1799 1523 2102 1591 resultant,

118 1618 209 1674 fini
258 1616 381 1675 eius
424 1633 769 1692 repugnare
813 1625 1156 1692 nequeunt,
1218 1633 1446 1690 eaque,
1506 1632 1661 1689 quae
1703 1613 1808 1670 fini
1848 1611 2102 1669 naturali

114 1705 353 1764 hominis
397 1725 527 1764 non
570 1716 932 1782 repugnant,
977 1723 1107 1763 non
1136 1714 1391 1781 possunt
1427 1703 1549 1762 dici
1577 1702 1885 1761 moraliter
1927 1700 2102 1758 mala.

114 1797 263 1870 Ergo
318 1794 569 1854 arbitrio
625 1795 823 1853 libero
879 1795 1117 1852 sublato
1134 1841 1148 1866 ,
1207 1794 1411 1851 nullae
1468 1791 1737 1850 actiones
1791 1786 2102 1847 hominum

114 1895 235 1943 sunt
272 1884 582 1943 moraliter
624 1883 858 1960 malae3
902 1901 1025 1959 quo
1070 1882 1272 1959 posito
1315 1880 1744 1958 proculdubio
1782 1875 2104 1937 discrimen

114 1976 409 2033 essentiale
454 1974 616 2032 inter
643 1975 875 2032 bonum
905 1983 965 2031 et
994 1974 1220 2031 malum
1249 1972 1481 2030 morale
1509 1986 1752 2046 prorsus
1790 1967 2062 2025 tollitur.»
2083 1964 2106 1997 ⁸

112 2065 339 2122 Sublato
380 2081 530 2121 vero
575 2062 928 2121 discrimine
973 2060 1281 2120 essentiali
1323 2060 1481 2118 inter
1522 2060 1751 2116 bonum
1793 2065 1854 2113 et
1881 2051 2102 2111 malum

112 2152 337 2224 morale,
397 2153 517 2209 ruit
558 2150 759 2211 omnis
800 2150 1079 2221 societaS‚
1138 2146 1448 2208 evanescit
1491 2145 1686 2205 omnis
1728 2142 1956 2217 religi0,
2005 2140 2103 2197 de·

112 2242 329 2300 struitur
356 2241 558 2317 ipsum
587 2258 783 2316 genus
811 2240 1163 2297 humanum.
1215 2239 1396 2296 Haec
1425 2232 1877 2308 consequentia,
1909 2228 2101 2303 logice

113 2329 369 2401 deducta,
418 2340 557 2388 sunt
599 2330 768 2388 falsa.
845 2330 1012 2403 Ergo
1042 2326 1410 2403 principium
1456 2324 1667 2381 falsum
1698 2320 1771 2380 sit
1808 2326 2045 2394 oportet
2061 2316 2099 2372 ⁸.

218 2472 548 2535 Responsio
606 2471 682 2520 ad
739 2470 930 2519 dubia.
1022 2460 1124 2518 Ad
1176 2480 1224 2516 1.
1281 2473 1429 2532 ergo
1485 2452 1842 2520 dicendum,
1902 2445 2101 2521 «quod

115 2551 307 2609 dicitur
361 2552 564 2610 inesse
620 2551 684 2608 in
742 2548 992 2608 homine
1040 2548 1141 2605 via
1196 2547 1353 2617 eius,
1414 2553 1703 2619 quantum
1758 2538 1837 2597 ad
1890 2552 2100 2633 exseczf-

114 2641 270 2698 tiones
308 2641 707 2711 electionum,
754 2638 820 2695 in
864 2638 1081 2712 quibus
1123 2636 1310 2694 homo
1353 2629 1633 2708 impediri
1675 2636 1902 2705 potest,
1957 2623 2101 2680 veht

118 2730 277 2805 nolit3
315 2731 605 2787 electiones
634 2737 838 2786 autem
867 2728 1036 2803 ipsae
1067 2735 1204 2783 sunt
1231 2724 1294 2781 in
1321 2720 1518 2791 nobiS,
1563 2715 1870 2793 supposito
1899 2722 2098 2769 tamen

120 2815 301 2877 divino
342 2817 605 2877 auxilio»
632 2820 671 2875 ⁴.
2020 2885 2030 2896 ι

221 2908 315 2965 Ad
390 2928 441 2966 2.
515 2905 853 2965 dicendum
925 2903 1254 2962 absurdum
1326 2916 1458 2958 esse
1538 2906 1598 2954 et
1666 2900 1876 2951 contra
1942 2903 2097 2960 prm-

121 2994 317 3070 cipium
359 2994 722 3055 causalitatis
766 3011 1002 3069 ponere
1046 2992 1333 3051 effectum
1375 2987 1504 3045 sine
1547 2984 1666 3041 ulla
1708 2994 1916 3048 causa3
1972 2990 2093 3031 non

124 3096 293 3144 autem
362 3085 693 3144 absurdum
765 3092 855 3141 est
924 3098 1161 3157 ponere
1233 3078 1546 3141 effectum,
1635 3068 1736 3143 qui
1805 3082 1838 3121 a
1918 3078 2094 3117 causa

227 3240 243 3272 ¹
282 3244 357 3294 Cf.
396 3244 625 3294 Boedder
660 3244 695 3293 l.
737 3258 781 3291 e.
820 3260 875 3308 p.
917 3242 1021 3302 283
1062 3256 1139 3303 sq.
1179 3246 1230 3285 et
1269 3235 1488 3284 Lekmen
1527 3229 1559 3278 1.
1599 3242 1643 3276 c.
1684 3241 1733 3288 p·
1773 3232 1893 3281 433·

226 3321 246 3353 ²
280 3326 499 3375 Boedder
533 3323 661 3373 ibid.
815 3319 839 3351 ³
875 3322 957 3370 Cf.
996 3320 1097 3369 vol.
1138 3318 1179 3377 1,
1224 3326 1306 3375 71.

210 3402 246 3436 ·⁴
280 3405 331 3453 S.
377 3406 573 3463 Thone„
615 3402 669 3452 S.
712 3402 871 3450 theol.
911 3402 953 3460 I,
993 3416 1043 3464 q.
1086 3399 1171 3459 83,
1214 3412 1258 3442 a.
1305 3404 1326 3439 1
1370 3391 1436 3437 ad
1473 3401 1522 3445 4.

2331 2340 2355 2361 ,Ι

2327 2378 2355 2409 „J

2345 2422 2355 2439 «ι

2313 2598 2318 2603 .
2339 2600 2355 2609 ,,

2333 2674 2355 2699 ,Ἠ

2339 2698 2355 2725 ..2

2321 2732 2355 2747 „1

2321 2760 2354 2783 ,ν

2329 2780 2346 2801 ,ἲ

2319 2806 2355 2835 ‘⁴⁸2

2307 2846 2314 2851 .
2347 2840 2355 2849 .

2303 2854 2355 2871 .’”1

2285 2924 2290 2927 .
2315 2912 2355 2955 F}

2315 2964 2355 3093 ἐ

2295 3080 2300 3085 ,
2321 3064 2340 3079 4
