2367 3850
33 15 573 119 ——r

619 201 698 237 DE
736 200 1112 238 ARGUMENTIS
1155 201 1594 240 METAPHYSICIS.
1998 200 2095 251 179

101 365 238 405 mus
289 348 715 407 enuntiabilia:
773 350 934 408 Idem
989 368 1102 408 non
1132 357 1324 426 potest
1359 350 1534 408 simul
1582 366 1695 408 esse
1740 356 1795 407 et
1832 369 1945 408 non
1985 368 2099 408 esse

105 467 188 474 —
229 437 342 494 Bis
382 438 520 495 bina
561 446 700 496 sunt
731 446 1005 514 quattuor
1030 469 1108 478 --
1135 439 1369 498 Bonum
1385 438 1738 514 faciendum,
1782 439 1993 497 malum
2020 441 2097 498 vi·

103 526 348 584 tandum
389 557 470 565 —
515 528 631 586 alia
647 573 662 600 ,
725 528 1134 588 universaliter
1176 538 1237 586 et
1276 528 1721 588 immutabiliter
1762 546 1890 588 esse
1935 546 2093 598 vera,

105 615 601 691 independenter
641 619 719 675 ab
763 617 929 676 omni
971 617 1289 694 hypothesi
1325 617 1713 693 contingenti.
1772 617 1945 690 Quae
1976 618 2097 693 qui-

103 705 250 763 dem
293 705 620 765 necessitas
663 717 830 766 certo
873 717 962 766 est
1003 707 1240 766 realitas
1282 707 1598 781 quaedam.

228 802 352 861 Sed
410 820 594 862 omne
639 821 746 862 ens
789 805 949 862 reale
968 849 981 875 ,
1040 803 1336 879 quidquid
1391 804 1574 862 habet
1628 803 1887 878 aliquam
1934 803 2099 861 reali-

104 901 308 963 tatem,
338 892 528 951 debet
555 902 656 950 aut
682 892 746 951 in
776 910 858 965 se,
891 894 1138 969 propria
1164 893 1391 952 scilicet
1411 893 1766 964 exsistentia,
1798 892 2094 964 exsistere,

107 991 206 1039 aut
249 981 595 1041 exsistentia
650 982 864 1041 aliena.
949 983 1132 1056 Quod
1190 982 1349 1042 enim
1405 983 1569 1042 nullo
1624 981 1811 1041 modo
1858 981 2093 1054 exsistit,

107 1070 254 1128 nihil
300 1082 390 1130 est
413 1072 448 1130 ¹.

226 1169 548 1228 Possibilia
587 1187 752 1241 vero,
795 1180 859 1228 ut
899 1169 1055 1241 talia,
1100 1187 1225 1228 non
1266 1169 1492 1228 habent
1524 1167 1923 1228 exsistentiam
1967 1185 2097 1244 pro·

111 1257 336 1332 priam3
391 1259 625 1317 habent
679 1259 935 1334 proinde
993 1259 1393 1318 exsistentiam
1449 1257 1795 1334 implicitam
1851 1257 1912 1315 in
1955 1257 2098 1316 exsi-

111 1347 325 1406 stentia
365 1347 584 1406 actuali
625 1347 772 1406 alius
814 1347 984 1420 entiS,
1027 1348 1064 1406 i.
1095 1366 1147 1407 e.
1189 1347 1424 1406 realitas
1467 1365 1673 1406 eorum
1716 1346 1994 1406 fundatur
2035 1346 2095 1403 in

117 1436 317 1511 aliquo
359 1447 501 1495 ente
546 1438 851 1496 actualiter
893 1437 1210 1497 exsistenti.

231 1534 389 1591 Cum
435 1543 633 1593 autem
678 1533 912 1592 realitas
951 1533 1321 1610 possibilium
1362 1533 1435 1592 sit
1476 1543 1718 1592 aeterna
1760 1534 2007 1608 positive
2038 1542 2097 1591 et

117 1622 528 1695 immutabilis,
591 1623 784 1699 ipsum
838 1624 984 1682 illud
1040 1642 1148 1682 ens
1203 1623 1463 1694 actuale,
1527 1622 1692 1698 quod
1747 1633 1835 1681 est
1888 1641 2092 1682 eorum

117 1711 589 1784 fundamentum,
632 1713 998 1772 immutabile
1029 1723 1088 1770 et
1116 1712 1366 1788 positive
1396 1722 1701 1770 aeternum
1740 1712 1813 1770 sit
1840 1720 2092 1788 oportet.

231 1811 357 1869 Sed
399 1809 547 1869 illud
589 1828 698 1869 ens
752 1809 1119 1869 immutabile
1175 1820 1238 1870 et
1291 1819 1597 1868 aeternum
1654 1825 1780 1867 non
1826 1819 1959 1867 sunt
2000 1826 2093 1867 res

118 1898 455 1959 mundanae
497 1917 616 1959 nec
656 1900 720 1959 in
763 1900 964 1976 specie
1002 1900 1336 1960 intellectus
1365 1900 1671 1970 humanuS,
1718 1898 1856 1974 quia
1885 1915 2094 1957 omnes

120 1989 242 2048 illae
307 2008 403 2049 res
463 2001 600 2049 sunt
658 1990 1055 2066 temporariae
1117 2000 1176 2049 et
1236 1989 1547 2048 mutabiles
1606 1997 1810 2064 utpote
1871 1987 2095 2046 contin-

125 2090 342 2152 genteS.

233 2177 695 2237 Admittendum
738 2178 994 2255 proinde
1037 2190 1125 2238 est
1157 2197 1336 2255 supra
1377 2196 1472 2236 res
1514 2194 1723 2235 omnes
1763 2174 2094 2233 mundanas

126 2275 178 2322 et
199 2266 622 2341 contingentes
663 2286 792 2327 esse
831 2287 940 2327 ens
981 2268 1288 2343 quoddam
1319 2287 1353 2325 a
1382 2285 1463 2338 se,
1509 2266 1757 2342 positive
1788 2275 2092 2323 aeternum

130 2364 178 2410 et
213 2355 616 2429 immutabile,
676 2356 841 2431 quod
883 2356 956 2415 sit
1009 2356 1379 2433 possibilium
1436 2365 1495 2415 et
1544 2355 1850 2414 veritatum
1891 2370 2093 2411 neces-

129 2442 400 2502 sariarum
443 2444 917 2504 fundamentum.

233 2541 359 2599 Ens
417 2552 618 2600 autem
674 2562 711 2600 a
751 2560 815 2601 se
858 2544 1202 2601 immutabile
1256 2552 1316 2601 et
1361 2553 1669 2601 aeternum
1711 2539 1905 2598 omnis
1961 2557 2093 2614 pos-

132 2627 398 2688 sibilitatis
443 2641 504 2689 et
545 2631 807 2690 veritatis
850 2632 1303 2691 fundamentum
1345 2649 1627 2690 vocamus
1670 2631 1883 2689 Deum.

782 2748 950 2821 Ergo
989 2748 1158 2805 Deus
1198 2749 1430 2806 exsistit.

240 2901 258 2933 ¹
291 2904 374 2956 Cf.
414 2922 504 2967 ea,
544 2924 675 2973 quae
715 2907 766 2957 in
804 2908 1067 2973 ontologia
1106 2905 1232 2972 (vol.
1272 2909 1319 2969 I,
1362 2916 1461 2971 235
1504 2902 1640 2972 sqq.)
1683 2907 1747 2954 de
1785 2904 2004 2953 essentia
2041 2913 2091 2952 et

64 3008 67 3019 =
139 2984 406 3035 exsistentia
443 2988 673 3037 diximus.
750 2989 803 3038 Si
853 2988 1227 3038 distinctionem
1277 2988 1347 3037 ibi
1399 2986 1644 3036 admisisti
1696 2984 1882 3033 realem
1940 2982 2088 3043 illam,

139 3070 238 3114 tunc
271 3065 462 3131 duplici
500 3069 656 3117 modo
694 3068 960 3134 intelleges
1005 3085 1112 3118 rem
1164 3069 1417 3133 quandam
1469 3067 1707 3116 exsistere
1759 3080 1910 3129 posse
1967 3064 2090 3112 exsi-

143 3145 298 3193 stentia
327 3145 527 3206 pliena:
581 3148 663 3197 vel
701 3165 788 3211 eo,
842 3150 980 3214 quod
1030 3150 1082 3197 in
1134 3149 1425 3198 exsistentia
1474 3148 1641 3197 aliena
1687 3146 1873 3193 habeat
1918 3144 2091 3193 funda-

144 3232 338 3275 mentum
375 3243 497 3276 suae
525 3230 823 3278 actualitatis
836 3250 860 3289 ,·
896 3230 977 3278 vel
1004 3245 1084 3291 e0,
1123 3230 1261 3293 quod
1287 3230 1338 3277 in
1366 3229 1477 3293 ipsa
1500 3228 1879 3275 fundamentum
1907 3225 2090 3272 habeat

149 3301 279 3364 ipsius
303 3308 654 3370 posu'bilitatis.
712 3310 792 3358 De
831 3326 933 3375 quo
970 3309 1144 3359 ultimo
1181 3310 1508 3358 fundamento
1546 3308 1631 3356 hic
1669 3322 1832 3355 sermo
1866 3314 1956 3353 est.
2010 3304 2087 3353 Cf.

147 3383 270 3433 etiam
305 3388 404 3437 vol.
445 3388 484 3448 I,
526 3389 648 3439 218.

1660 3485 1718 3519 12
1738 3472 1764 3500 ‘
