2367 3850
710 219 785 258 m:
825 221 1219 260 PROVIDENTIA
1258 221 1483 262 mva.
1974 221 2075 275 257

101 367 186 424 vel
225 369 484 426 moralis
524 388 651 427 non
691 369 862 444 facto
915 371 1366 446 gubernationis
1420 371 1661 430 divinae
1678 417 1691 442 ,
1755 372 1861 430 sed
1920 373 2080 431 modo

102 454 274 529 ipsius
321 457 750 516 obscuritatem
793 459 1064 519 offundit.
1149 463 1241 518 Ex
1284 479 1405 535 quo
1445 461 1565 519 hoc
1592 479 1775 520 unum
1818 460 2079 536 legitime

104 543 320 604 inferre
367 547 590 616 licebit,
633 547 998 607 intellectum
1027 549 1256 608 scilicet
1282 550 1606 608 humanum
1650 567 1777 608 esse
1821 549 2081 608 imbecil-

105 633 330 706 liorem,
378 654 562 709 quam
600 647 663 695 ut
700 635 976 696 ordinem
1019 658 1055 696 a
1082 640 1219 697 Deo
1262 638 1554 713 sapientia
1594 638 1822 696 infinita
1863 639 2082 697 institu-

105 733 222 780 tum
266 725 520 799 proprio
563 725 785 784 lumine
826 726 1013 802 possit
1054 727 1325 803 perfecte
1353 727 1725 803 investigare.
1788 729 2081 786 Exsisten-

107 812 246 868 tiam
313 831 464 871 vero
532 815 748 872 horum
815 817 1105 874 malorum
1174 835 1314 874 cum
1382 815 1813 891 gubernatione
1881 816 2083 874 divina

107 901 319 960 sociari
377 921 502 961 non
557 921 732 978 posse
751 949 764 974 ,
828 923 864 961 a
919 903 1160 962 nemine
1216 905 1527 963 evidenter
1581 905 1813 963 ostendi
1867 914 2079 981 potest.

109 991 270 1046 Mala
312 989 476 1049 enim
517 991 766 1067 physica
807 1009 880 1050 ex
923 1011 986 1051 se
1029 1011 1153 1050 non
1196 993 1530 1068 impediunt
1570 1011 1773 1051 veram
1828 993 2085 1052 hominis

110 1079 472 1150 felicitatem,
519 1099 674 1154 quae
703 1100 828 1139 non
869 1081 932 1139 in
972 1080 1064 1140 his
1103 1081 1281 1140 bonis
1323 1081 1656 1141 inveniatur
1682 1083 2085 1155 terrestribu53

111 1169 264 1227 mala
302 1187 450 1226 vero
493 1170 741 1228 moralia
781 1172 944 1228 Deus
987 1188 1113 1228 non
1155 1170 1522 1245 approbare,
1581 1171 1688 1229 sed
1741 1171 2083 1246 permittere

111 1267 334 1314 tantum
378 1257 670 1317 dicendus
711 1269 836 1334 est3
878 1260 940 1317 id
983 1258 1150 1334 quod
1192 1257 1519 1333 sapientiae
1561 1260 1655 1316 vel
1696 1259 1947 1318 iustitiae
1990 1261 2083 1318 vel

113 1346 557 1406 misericordiae
628 1347 753 1407 eius
822 1359 1028 1424 aperte
1088 1365 1457 1423 repugnare,
1526 1366 1707 1406 nemo
1768 1348 2083 1406 ostendere

117 1444 325 1507 potest.

236 1543 284 1580 2.
329 1525 527 1582 Immo
568 1541 714 1582 vero
756 1523 1124 1599 experientia
1165 1523 1383 1583 scimus
1424 1526 1621 1583 Deum
1676 1526 1754 1583 de
1796 1525 1966 1582 malis
2009 1525 2087 1582 fa-

118 1629 252 1670 cere
292 1630 472 1687 posse
513 1613 760 1670 bonum.
833 1615 996 1672 Mala
1035 1613 1197 1672 enim
1236 1612 1487 1689 physica
1540 1614 1601 1670 in
1657 1614 1797 1689 ipsis
1838 1612 2087 1671 homini-

119 1702 240 1770 buS,
283 1701 387 1774 qui
429 1701 542 1759 illis
575 1701 926 1773 afficiuntur,
971 1703 1223 1760 futuram
1250 1700 1681 1760 beatitudinem
1710 1710 2084 1776 promovent,

119 1789 240 1846 aliis
280 1808 426 1847 vero
469 1789 764 1847 variarum
793 1792 1089 1866 praebent
1114 1792 1391 1848 virtutum
1421 1791 1803 1863 occasiones3
1845 1809 1917 1848 ex
1959 1808 2088 1865 per-

119 1877 394 1938 missione
423 1897 570 1937 vero
611 1879 752 1937 mali
794 1879 1036 1939 moralis
1075 1878 1327 1939 habetur
1366 1879 1595 1937 bonum
1624 1877 1873 1937 iustitiae
1904 1879 2089 1937 vindi·

119 1968 360 2039 cativae,
401 1968 629 2027 bonum
661 1968 984 2045 patientiae
1021 1978 1361 2043 martyrum,
1400 1969 1626 2027 bonum
1664 1968 2086 2043 poenitentiae,

119 2057 337 2114 bonum
380 2056 828 2117 misericordiae
870 2057 1108 2115 veniam
1149 2057 1514 2116 conferentis
1556 2068 1666 2116 etc.
1700 2058 1715 2089 ¹

234 2181 306 2237 II.
364 2190 450 2239 De
488 2188 897 2250 gubernatione
933 2187 1185 2236 hominis
1222 2187 1530 2249 speciatim.

240 2320 462 2369 Thesis.
535 2311 842 2368 Hominem
896 2311 980 2367 ad
1007 2312 1193 2385 finem
1246 2310 1504 2367 ultimum
1544 2311 1711 2367 Deus
1748 2310 1833 2367 ita
1873 2310 2089 2381 dirigit,

122 2406 186 2454 ut
220 2400 302 2456 ad
329 2400 725 2457 beatitudinem
741 2399 1057 2473 formalem
1098 2401 1159 2456 in
1189 2400 1377 2455 altera
1402 2400 1523 2455 vita
1550 2398 1904 2456 obtinendam
1931 2399 2091 2455 homo

121 2488 206 2544 his
243 2491 304 2545 in
344 2490 518 2545 terris
547 2497 661 2564 per
701 2495 911 2545 rectum
966 2505 1130 2544 usum
1173 2487 1343 2545 liberi
1393 2488 1630 2543 arbdrz'i
1663 2489 1779 2561 epse
1834 2503 1949 2543 sese
1987 2487 2092 2542 dis-

117 2586 318 2651 ponere
356 2578 564 2637 debeat.

237 2692 282 2750 I.
325 2693 403 2749 Et
443 2689 642 2766 primo
685 2689 929 2766 quidem
971 2688 1350 2747 manifestum
1409 2698 1496 2747 est
1536 2686 1845 2746 hominem
1898 2686 1989 2743 his
2030 2686 2091 2743 in

124 2781 285 2837 terris
315 2780 557 2839 relative
589 2781 667 2838 ad
695 2778 1123 2838 beatitudinem
1153 2795 1320 2835 suam
1363 2778 1674 2835 formalem
1704 2775 2091 2834 obtinendam

125 2886 245 2927 esse
285 2870 557 2928 liberum.
643 2870 770 2926 Etsi
825 2868 988 2927 enim
1047 2866 1385 2925 necessario
1427 2866 1619 2923 tendit
1659 2864 1782 2923 eius
1823 2865 2093 2921 voluntas

127 2956 186 3013 in
223 2960 446 3016 bonum
487 2958 821 3016 universale
848 2958 943 3016 vel
973 2973 1153 3014 omne
1198 2956 1421 3013 bonum
1450 2952 1757 3012 indefinite
1798 2962 2094 3026 sumptum

129 3041 202 3119 (p.
247 3064 314 3121 72
364 3058 422 3105 et
468 3041 592 3121 78),
656 3045 763 3114 etsi
808 3048 972 3103 Deus
1015 3056 1103 3102 est
1160 3045 1223 3101 in
1276 3054 1561 3101 concreto
1619 3041 1760 3098 illud
1804 3058 2094 3097 summum

127 3134 360 3207 bonum,
405 3135 574 3211 quod
618 3134 964 3202 tendentiae
1006 3133 1091 3189 illi
1135 3132 1605 3205 correspondeat
1650 3124 1728 3203 (p.
1780 3146 1890 3197 140
1920 3122 2094 3200 sqq.),

245 3312 260 3343 ¹
297 3314 375 3362 Cf.
416 3314 470 3362 S.
519 3314 710 3370 Thom„
750 3312 800 3361 S.
841 3310 996 3360 theol.
1037 3310 1077 3368 1,
1116 3326 1166 3372 q.
1210 3308 1291 3371 58,
1333 3324 1376 3355 a.
1407 3318 1435 3353 2
1476 3306 1542 3354 ad
1570 3318 1629 3366 3;
1670 3304 1788 3351 item
1824 3302 2094 3351 Hontlleim

133 3392 166 3438 l.
200 3408 237 3441 e.
276 3411 326 3457 p.
368 3394 473 3443 812
513 3403 566 3441 et
603 3393 822 3441 Boeda'er
859 3392 891 3439 l.
933 3406 974 3439 c.
1015 3406 1066 3453 p.
1109 3397 1228 3449 355.

229 3484 615 3533 Reinstadler,
645 3484 784 3523 Elem.
817 3482 974 3533 philos.
1007 3479 1140 3519 schol.
1186 3478 1242 3519 11.
1717 3476 1774 3523 17
