2367 3850
322 210 340 246 1
351 211 419 259 94
941 208 1273 246 THEOLOGIA
1312 207 1655 246 NATURALIS.

432 356 553 415 Sed
597 374 694 414 ens
733 363 862 415 actu
915 359 1182 415 exsistens
1226 365 1339 433 per
1376 375 1434 414 se
1472 357 1641 414 habet
1682 373 1867 413 omnes
1910 354 2270 431 perfectiones

312 447 536 522 infinito
577 447 752 504 modo.
1093 503 1108 546 9

433 535 588 593 Nam
619 553 830 594 omnes
857 535 1261 611 perfectiones
1283 536 1583 610 pertinent
1610 535 1689 592 ad
1708 533 2005 592 rationem
2022 532 2272 605 essendi3

310 623 692 700 pulchritudo
734 623 914 695 enim,
957 623 1156 694 virtuS,
1201 623 1550 695 intellectuS,
1596 622 1889 699 sapientia
1904 669 1918 694 ,
1962 623 2114 681 aliae
2142 623 2271 688 eius-

312 713 477 772 modi
531 713 933 790 perfectiones
986 731 1112 771 non
1167 723 1301 772 sunt
1354 711 1469 771 nisi
1526 712 1747 771 diversi
1804 712 1975 772 modi
2030 711 2269 770 essendi.

310 803 572 862 Proinde
614 802 663 861 si
703 803 855 862 ratio
898 801 1135 862 essendi
1177 813 1311 861 actu
1354 801 1591 874 exsistit,
1636 820 1845 861 omnes
1884 801 2273 877 perfectiones

312 899 447 949 actu
490 891 549 949 in
592 891 723 968 ipso
767 909 897 950 esse
939 889 1180 963 debent,
1227 892 1749 967 quemadmodum,
1792 890 1843 948 si
1877 890 2031 948 ratio
2075 890 2273 948 caloris

312 989 448 1038 actu
488 991 642 1039 esset
683 979 790 1056 pe'r
833 998 896 1039 se
939 979 1277 1052 subsistenS,
1322 999 1445 1054 non
1487 991 1687 1055 posset
1728 978 1956 1055 aliquid
1985 979 2042 1038 ei
2080 977 2272 1037 deesse

311 1070 388 1128 de
429 1071 639 1129 virtute
684 1071 897 1128 caloris
920 1071 952 1129 ².

431 1159 598 1232 Ergo
638 1159 804 1217 Dens
844 1159 1013 1217 habet
1048 1178 1237 1217 omnes
1264 1159 1645 1236 perfectiones
1698 1161 1922 1235 infinito
1978 1158 2156 1224 modo,
2196 1159 2279 1214 vel

311 1255 394 1305 est
431 1249 676 1306 absolute
717 1250 937 1323 infinite
964 1248 1273 1324 perfectus.

443 1431 476 1498 ἐ
517 1447 563 1483 2.
624 1436 929 1498 Quomodo
969 1443 1345 1484 creaturarum
1382 1435 1764 1498 perfectiones
1800 1436 1925 1483 Deo
1964 1435 2153 1484 insint.

431 1574 859 1641 {kat-,notionem
937 1566 982 1622 I.
1033 1563 1204 1622 Circa
1232 1572 1503 1622 naturam
1526 1564 1957 1639 perfectionum,
2002 1565 2192 1638 quales
2218 1565 2272 1620 in

310 1655 585 1710 creaturis
634 1655 1015 1712 inveniuntur.
1062 1684 1138 1691 —
1182 1653 1588 1713 Perfectiones
1643 1663 2049 1712 creaturarum
2090 1653 2273 1711 distin-

308 1753 561 1816 guuntur
601 1742 664 1798 in
705 1743 1005 1817 simplices
1047 1752 1107 1801 et
1146 1742 1374 1801 mixtas,

428 1839 711 1916 Simplices
751 1851 886 1898 sunt
927 1857 1053 1912 eae,
1099 1858 1350 1915 quarum
1374 1841 1525 1899 ratio
1554 1840 1617 1897 in
1659 1857 1722 1898 se
1768 1850 2039 1915 spectata
2066 1840 2269 1897 nullam

306 1929 554 1987 involvit
581 1929 1114 2004 imperfectionem.
1185 1930 1348 1988 Talis
1376 1940 1464 1989 est
1490 1930 1883 2003 intellegentia,
1928 1929 2097 1988 cuius
2137 1928 2271 1987 ratio

306 2020 602 2077 abstracta
645 2015 791 2094 (non
831 2018 984 2077 haec
1027 2018 1429 2095 intellegentia
1478 2014 1757 2093 hominis)
1813 2018 1960 2077 nihil
2020 2018 2272 2078 continet

307 2108 419 2167 nisi
461 2108 879 2190 perfectiones

427 2206 661 2264 AIixtae
702 2224 845 2264 vero
889 2224 999 2265 eae
1049 2217 1213 2278 sunt,
1272 2225 1522 2281 quarum
1570 2206 1721 2264 ratio
1764 2205 2271 2282 imperfectionem

306 2296 646 2353 adiunctam
676 2296 872 2354 habet.
932 2295 1244 2354 Eiusmodi
1273 2306 1361 2353 est
1389 2296 1635 2354 facultas
1663 2296 2061 2355 ratiocinandi.
2106 2297 2272 2353 Posse

307 2384 468 2442 enim
510 2385 850 2442 ratiocinari
891 2384 1037 2443 dicit
1077 2384 1543 2460 perfectionem:
1606 2384 1902 2459 siquidem
1946 2386 2157 2443 melius
2196 2393 2273 2441 est

431 2604 446 2635 ¹
491 2606 563 2654 «ΙΙ
600 2614 677 2654 est
714 2606 1102 2655 contradictoire
1140 2606 1205 2654 de
1257 2606 1365 2655 dire
1417 2622 1515 2671 que
1566 2605 1708 2655 l'etre
1726 2643 1737 2665 ,
1794 2622 1857 2655 en
1910 2614 2019 2654 tant
2073 2605 2269 2671 qu’etre,

305 2694 457 2734 mette
494 2686 941 2750 intrinsequement
979 2702 1077 2734 une
1114 2686 1269 2735 limite
1308 2683 1338 2734 ὲ
1374 2685 1531 2735 Γὲῐτε.
1608 2686 1697 2745 Or,
1735 2685 1879 2734 l'etre
1917 2685 2202 2735 nficessaire
2248 2701 2271 2731 a

305 2782 434 2829 pour
470 2782 679 2815 essence
716 2765 874 2827 l’etre,
914 2782 1005 2830 pas
1043 2774 1184 2814 autre
1224 2766 1393 2827 chose,
1435 2766 1469 2813 il
1508 2766 1637 2815 n'est
1674 2764 1883 2830 qu'etre.
1949 2766 2107 2815 Donc
2142 2762 2270 2813 l’etre

305 2846 584 2895 necessaire
623 2861 686 2894 ne
724 2854 826 2894 met
862 2862 952 2911 pas
989 2846 1439 2910 intrinsequement
1477 2847 1540 2894 de
1578 2846 1734 2895 limite
1773 2842 1804 2894 ὲ.
1838 2844 2011 2907 Fene,
2072 2862 2138 2894 ne
2172 2860 2270 2893 ren-

305 2927 459 2974 ferme
495 2942 586 2989 pas
625 2926 689 2974 de
727 2925 973 2985 non-etre,
1013 2928 1048 2974 il
1085 2937 1161 2975 est
1199 2927 1333 2975 donc
1371 2934 1481 2976 tout
1512 2925 1669 2976 l'etre.
1720 2926 1849 2973 Mais
1872 2926 1947 2973 les
1971 2926 2271 2991 perfectioris

305 3022 368 3053 ne
406 3014 522 3055 sont
557 3007 862 3071 perfectioris
899 3006 1049 3070 qu'en
1088 3015 1196 3055 tant
1233 3006 1444 3072 qu'elles
1480 3015 1599 3055 sont
1634 3022 1702 3055 un
1740 3006 1889 3054 mode
1926 3005 2119 3055 d’etre:
2158 3022 2205 3070 p.
2228 3022 2267 3053 e.

301 3086 350 3133 la
383 3087 561 3149 justice
599 3096 676 3135 est
711 3102 811 3134 une
849 3087 1144 3150 perfectiori,
1184 3087 1234 3135 la
1270 3088 1408 3137 force
1435 3095 1510 3136 est
1535 3102 1635 3135 une
1667 3086 1961 3151 pei-fection,
2001 3102 2158 3151 parce
2182 3101 2267 3149 que

304 3165 352 3212 la
383 3166 564 3229 justice
601 3175 652 3215 et
689 3166 738 3214 la
775 3168 911 3215 force
949 3166 1249 3231 impliq'uent
1277 3183 1376 3215 une
1404 3167 1625 3217 certaine
1652 3167 1873 3215 maniere
1900 3166 2079 3216 d’etre.
2131 3168 2265 3215 Donc

302 3244 444 3294 l’etre
483 3246 763 3295 necessaire
801 3247 885 3311 qui
925 3246 1008 3295 n’a
1046 3264 1139 3311 pas
1177 3248 1245 3297 de
1282 3248 1435 3298 limite
1473 3256 1629 3312 quant
1668 3244 1698 3295 ὲ
1734 3246 1906 3309 Γέῐτε,
1964 3245 2086 3295 n’en
2124 3264 2151 3295 a
2186 3262 2265 3312 pas

303 3334 456 3386 quant
495 3323 523 3373 ὲ
561 3325 608 3373 la
645 3328 954 3389 perfectiori»
1001 3324 1253 3390 (Meri-ier,
1292 3327 1513 3376 Notions
1552 3326 1884 3393 d’Ontologie
1920 3343 1971 3391 p.
2018 3327 2134 3390 176.
2194 3325 2261 3373 Cf.

339 3402 452 3450 *iam
491 3404 541 3451 S.
592 3402 776 3462 Thone„
818 3405 866 3452 S.
909 3406 1060 3453 theol.
1101 3406 1139 3465 1,
1181 3424 1229 3470 q.
1273 3419 1319 3467 3,
1362 3426 1403 3456 a.
1445 3422 1478 3468 4
1516 3417 1565 3456 et
1604 3425 1651 3471 q.
1693 3422 1741 3469 4,
1782 3424 1825 3457 a.
1868 3404 1944 3470 2).

1860 3810 1867 3815 ‘
1900 3814 1927 3832 2.
1952 3818 1963 3823 -
1984 3695 2343 3833 don-*AmraQAJ
