2367 3850
268 240 371 292 304
850 242 1081 282 n‘rch.
1142 243 1280 282 PARS
1321 243 1658 282 cenninus,

385 411 441 464 4.
486 391 811 450 Ordinatio
840 410 985 452 vero
1026 403 1085 451 et
1114 396 1357 469 proprie
1397 394 1668 469 loquendo
1697 392 2114 452 conscientiae
2141 411 2254 451 vox

266 480 556 556 accipitur
596 481 674 540 ad
717 482 1173 558 designandum,
1219 502 1342 541 non
1387 483 1717 560 potentiam
1761 484 2096 558 quandam,
2158 501 2256 539 ne-

267 587 385 644 que
426 571 708 642 habitum,
753 571 862 630 sed
902 573 1082 648 ipsum
1118 579 1304 630 actum
1331 572 1664 632 intellectus
1694 573 1860 632 circa
1888 572 2253 632 convenien-

265 660 407 718 tiam
448 660 545 718 vel
586 660 1165 720 disconvenientiam
1207 672 1446 721 actuum
1488 681 1625 721 cum
1679 663 1816 738 lege
1859 661 2084 721 morali
2127 679 2258 736 pro·

263 749 589 808 nuntiantis
619 752 652 810 ¹.

385 847 719 923 Dupliciter
758 857 962 908 tamen
1002 848 1121 907 hoc
1162 850 1348 908 modo
1391 848 1542 908 sumi
1583 859 1809 925 potest:

384 940 441 1018 a)
485 943 663 1003 Sensu
703 946 890 1003 minus
922 949 1115 1005 stricto
1160 956 1250 1006 est
1290 949 1554 1006 iudicium
1588 950 1904 1023 practicam
1949 947 2024 1005 de
2051 946 2262 1004 morali

262 1034 539 1108 qualitate
552 1080 569 1104 ,
628 1035 867 1092 liceitate
902 1037 999 1094 vel
1031 1037 1313 1096 illiceitate
1354 1047 1767 1111 particularium
1829 1038 2118 1096 actionum
2171 1035 2261 1093 vel

262 1124 619 1182 omissionum
650 1131 997 1195 nostrarum,
1042 1135 1163 1186 sive
1203 1137 1530 1199 praeteritae
1569 1143 1720 1196 sunt,
1759 1136 1884 1185 sive
1920 1144 2062 1185 actu
2099 1149 2256 1198 prae-

266 1220 477 1272 sentes,
517 1214 641 1264 sive
678 1215 915 1265 futurae.

388 1297 449 1377 b)
492 1301 849 1360 Strictissime
904 1321 1048 1362 vero
1102 1305 1349 1362 sumitur
1405 1322 1520 1380 pro
1543 1309 1548 1312 '
1573 1303 1797 1362 iudicio
1859 1305 2138 1378 practico
2180 1303 2252 1360 de

266 1391 479 1449 morali
520 1392 801 1467 qualitate
844 1392 1146 1451 actionum
1186 1393 1285 1452 vel
1317 1393 1721 1463 omissionum,
1767 1410 1923 1468 quae
1953 1403 2096 1452 actu
2123 1403 2250 1451 sunt

266 1491 627 1555 praesenteS‚
670 1490 729 1539 et
770 1481 1078 1540 definitur:
1154 1483 1454 1540 «iudicium
1494 1501 1591 1540 seu
1629 1483 1905 1540 dictamen
1932 1485 2250 1558 practicam

265 1571 541 1639 rationis,
585 1589 695 1644 quo
734 1571 1045 1629 iudicamus
1056 1616 1075 1640 ‚
1135 1581 1272 1643 quid
1307 1581 1402 1630 hic
1453 1588 1510 1630 et
1545 1594 1701 1631 nunc
1745 1582 2039 1643 agendum
2082 1571 2154 1630 sit
2191 1581 2248 1628 ut

266 1658 492 1717 bonum
508 1704 523 1730 ,
584 1670 683 1718 aut
737 1660 1041 1720 vitandum
1083 1671 1148 1718 ut
1189 1661 1446 1719 malum»
1478 1662 1516 1734 ²,
1560 1662 1656 1720 vel
1698 1661 1908 1719 fusius:
1967 1660 2248 1720 iudicium

269 1748 599 1821 practicum
628 1748 863 1808 dictans
891 1749 1119 1825 aliquid
1160 1769 1198 1808 a
1238 1749 1417 1808 nobis
1444 1767 1575 1809 esse
1605 1750 1948 1808 faciendum
1995 1759 2059 1808 ut
2091 1767 2246 1826 prae-

268 1847 527 1912 ceptum,
571 1838 666 1896 vel
695 1839 1091 1898 omittendum
1126 1848 1192 1898 ut
1218 1838 1601 1915 prohibitum,
1644 1841 1740 1898 vel
1768 1850 1977 1898 nostro
2009 1838 2246 1898 arbitrio

268 1928 621 2003 permissum
662 1939 727 1986 ut
766 1928 991 1997 licitum
1015 1930 1053 1990 ⁸.

391 2026 486 2083 De
529 2026 897 2086 conscientia
938 2028 1024 2087 sic
1061 2028 1424 2087 strictissime
1453 2037 1704 2103 accepta
1730 2045 1932 2085 sermo
1960 2038 2055 2086 est
2095 2026 2244 2102 apud

268 2114 583 2190 theologos
627 2115 687 2172 in
729 2127 979 2175 tractatu
1022 2117 1100 2175 de
1142 2116 1527 2176 conscientia.

1044 2297 1379 2346 Ammonos
1420 2308 1478 2346 11.

663 2408 760 2459 DE
798 2410 1325 2460 CONSCIENTIAE
1361 2410 1853 2460 DIVISIONIBUS.

394 2532 567 2606 Quae
612 2553 744 2593 curn
789 2535 871 2591 ita
926 2534 1071 2606 sint,
1128 2544 1192 2593 ut
1248 2535 1652 2595 conscientiae
1707 2534 2036 2593 divisiones
2093 2540 2241 2590 recte
2357 2488 2359 2570 l

268 2622 701 2697 intellegantur,
746 2622 1034 2699 imprimis
1077 2624 1508 2683 attendendum
1551 2624 1663 2683 erit
1704 2624 1783 2682 ad
1818 2642 2080 2695 sensum,
2128 2638 2240 2695 quo

269 2712 421 2771 ha'ec
464 2731 581 2770 vox
623 2712 951 2772 assumitur.
1625 2706 1639 2715 ’

2355 2766 2357 2787 l

392 2812 438 2869 Ι.
496 2812 854 2886 Plerumque
893 2829 1071 2885 vem,
1130 2813 1192 2870 in
1236 2812 1563 2887 disciplinis
1605 2810 1947 2885 theologiae
1991 2806 2237 2874 moraliS‚
2353 2796 2358 2904 ξ

271 2898 560 2975 accipitur
610 2918 786 2958 sensu
829 2900 1062 2973 iudicii,
1120 2902 1157 2960 i.
1204 2920 1254 2959 e.
1299 2908 1455 2958 actus
1495 2901 1830 2969 intellectu,
1887 2909 1951 2956 ut
1994 2916 2126 2957 cum
2165 2894 2240 2953 di-

271 2988 488 3047 viditur
533 2989 906 3048 conscientia
946 2990 1007 3047 in
1054 3009 1252 3049 veram
1294 2990 1390 3049 vel
1418 2988 1650 3064 falsam
1667 3036 1681 3061 ,
1736 2996 1946 3047 certam
1990 2989 2084 3046 vel
2113 2994 2235 3062 pro·

400 3199 413 3230 ¹
458 3200 817 3249 «Conscientia
853 3201 1057 3266 proprie
1095 3201 1353 3266 loquendo
1392 3218 1494 3250 non
1534 3208 1610 3250 est
1646 3200 1899 3265 potentia,
1945 3201 2037 3249 sed
2073 3206 2223 3247 actus·

274 3277 352 3340 (S.
402 3280 589 3337 Thom„
630 3279 681 3329 S.
722 3279 877 3330 theol.
917 3280 957 3339 1,
998 3297 1046 3344 q.
1089 3292 1171 3343 79,
1213 3299 1258 3331 a.
1304 3278 1412 3344 13).

396 3354 417 3385 ²
452 3360 604 3405 Marc
638 3358 671 3406 l.
711 3373 754 3406 e.
795 3374 844 3406 n.
892 3372 970 3407 11.

395 3432 415 3461 ⁸
452 3435 530 3481 Cf.
571 3436 745 3498 Alcyer
780 3436 811 3484 l.
853 3453 895 3484 c.
936 3439 975 3495 Ι,
1016 3440 1113 3485 261
1159 3448 1211 3486 et
1251 3442 1368 3489 262.
