2367 3850
223 175 328 235 360
821 183 1053 221 irrfflcA.
1114 182 1252 218 PARS
1292 181 1595 220 SPECIALIS.

221 333 522 408 Scriptura
564 333 762 403 Sacra,
791 333 1012 391 Vetere
1052 328 1404 407 praesertim
1433 332 1837 403 Testamento,
1880 341 2003 388 tam
2047 331 2214 388 lucu-

218 424 410 482 lenter
460 430 738 498 apparet,
799 430 863 478 ut
902 420 1198 480 sententia
1251 420 1504 480 adversa
1556 440 1594 479 a
1641 420 1936 496 theologis
1977 419 2213 496 passim

220 523 284 571 ut
322 510 624 570 haeretica
665 519 965 586 reputetur
988 510 1021 568 ¹.

340 653 546 702 'rhesis
590 653 862 716 probatio.
952 643 1185 701 Bellum
1241 641 1622 700 inhonestum
1677 641 1800 702 dici
1859 652 2098 718 posset,
2125 677 2132 681 -
2163 641 2214 700 si

221 732 473 792 iustitiae
530 733 627 791 vel
691 731 920 790 caritati
970 732 1177 790 saltem
1225 730 1653 790 adversaretur.
1741 731 1860 790 Sed
1878 777 1893 802 ‚
1956 730 2213 790 servatis

226 841 373 897 quas
416 821 845 880 declaravimus
888 820 1358 892 condicionibUS,
1415 838 1614 895 neque
1665 831 1877 880 contra
1925 820 2216 879 iustitiam

225 928 421 986 neque
463 920 673 968 contra
714 907 1020 969 caritatem
1061 910 1256 985 ipsum
1299 927 1429 968 esse
1471 919 1632 968 recte
1675 909 1796 970 dici
1837 920 2054 985 potest.

344 999 488 1057 Non
544 1006 629 1058 est
677 1007 873 1057 contra
931 1001 1206 1057 iustitiam
1219 1044 1239 1068 ,
1301 999 1442 1074 quia
1459 1045 1473 1070 ,
1533 993 1775 1058 servatis
1830 999 1944 1057 illis
1999 997 2216 1058 condi-

225 1089 527 1161 cionibuS,
584 1105 1019 1164 saepenumero
1037 1135 1050 1160 ,
1110 1105 1265 1162 quae
1307 1097 1441 1146 sunt
1482 1097 1820 1147 nostrorum
1863 1098 2212 1164 temporum

225 1178 543 1237 relationes
571 1178 837 1248 socialeS,
881 1177 1104 1237 bellum
1132 1177 1373 1236 unicum
1415 1187 1504 1236 est
1540 1176 1822 1250 medium,
1855 1197 1976 1253 quo
2005 1178 2212 1254 aliqua

226 1268 479 1327 societas
530 1277 742 1326 contra
795 1267 1073 1326 iniustam
1128 1265 1366 1326 alterius
1419 1266 1866 1342 aggressionem
1923 1286 2054 1326 sese
2111 1267 2212 1325 de-

227 1358 491 1428 fendere,
537 1367 635 1414 aut
674 1357 803 1416 iura
842 1375 947 1416 sua
985 1366 1196 1415 contra
1223 1356 1499 1414 iniustam
1526 1374 1734 1415 eorum
1764 1355 2212 1416 frustrationem

224 1447 529 1505 vindicare
572 1445 771 1521 possit.
855 1445 1313 1504 Admittendum
1367 1444 1624 1521 proinde
1676 1455 1764 1504 est
1820 1447 2046 1518 Deum,
2103 1446 2210 1520 qui

228 1546 315 1596 est
357 1536 622 1594 omnium
650 1535 909 1594 hominis
949 1534 1162 1593 iurium
1200 1534 1478 1593 dominus
1520 1553 1845 1610 supremUS,
1885 1545 1952 1593 ut
1993 1536 2209 1595 securi-

227 1626 330 1683 tati
391 1635 449 1683 et
509 1625 945 1683 conservationi
1005 1626 1366 1700 populorum
1426 1624 1784 1684 sufficienter
1843 1625 2207 1700 provideret,

228 1715 469 1790 singulis
511 1714 841 1772 civitatibus
880 1714 971 1773 ius
1011 1713 1250 1773 dedisse
1292 1713 1423 1790 ipso
1474 1715 1636 1773 bello
1687 1714 1814 1772 iura
1856 1733 1962 1773 sua
2002 1716 2209 1774 defen-

230 1803 413 1863 dendi
454 1805 547 1862 vel
589 1803 1003 1879 recuperandi,
1048 1804 1097 1861 si
1138 1823 1291 1879 opus
1332 1805 1422 1862 sit.

352 1900 557 1976 Neque
609 1908 693 1958 est
748 1907 945 1960 contra
1004 1902 1312 1959 caritatem.
1393 1901 1633 1960 Etenim
1687 1900 1737 1959 si
1793 1911 2006 1960 contra
2066 1899 2211 1961 cari-

229 2001 411 2049 tatem
454 2003 608 2050 esset
648 1991 870 2050 bellum
912 2009 1138 2067 gerere,
1191 2001 1335 2049 tunc
1389 1991 1478 2049 ius
1527 1989 1672 2049 illud
1715 1990 1964 2049 omnino
2007 1993 2213 2051 n‘eces·

231 2080 447 2139 sarium
488 2098 815 2154 numquam
872 2080 1138 2140 exerceri
1193 2089 1411 2156 posset.
1496 2080 1670 2139 Esset
1722 2078 1979 2156 proinde
2032 2083 2211 2156 plane

230 2168 581 2228 illusorium:
627 2170 792 2245 quod
834 2170 1071 2229 divinae
1112 2168 1440 2244 sapientiae
1483 2179 1792 2245 repugnat.

354 2268 518 2341 Ergo
560 2267 681 2324 dici
720 2266 930 2343 nequit
970 2268 1193 2326 bellum
1235 2285 1344 2342 per
1385 2284 1449 2325 se
1491 2286 1622 2326 esse
1663 2266 2066 2326 inhonestum.

994 2472 1324 2519 ARTICULUS
1364 2484 1446 2520 111.

370 2594 468 2642 DE
508 2594 787 2642 SOCIALI
824 2592 1096 2642 UNIONE
1135 2593 1458 2643 GENTIUM
1497 2593 2072 2643 CONSTITUENDA.

605 2722 640 2791 ἓ
685 2740 727 2775 1.
786 2729 872 2776 De
909 2727 1183 2777 societate
1223 2728 1372 2777 civili
1409 2728 1839 2777 internationali.

355 2862 452 2919 Ius
480 2858 953 2932 internationale,
988 2861 1162 2935 quale
1191 2861 1474 2919 hactenus
1493 2860 1670 2936 viget,
1702 2860 2216 2920 consentientibus

238 2950 375 3008 viris
403 2951 611 3023 doctiS‚
642 2949 969 3008 admodum
997 2950 1411 3025 imperfectum
1439 2959 1542 3022 est,
1575 2950 1979 3026 artioremque
2008 2969 2216 3010 omnes

240 3039 392 3097 inter
433 3038 695 3098 diversas
736 3050 947 3115 gentes
976 3040 1460 3098 communionem
1499 3039 1910 3115 maioremque
1943 3038 2217 3099 'solidari-

241 3137 419 3188 tatem
462 3128 819 3187 desiderant.
898 3131 1093 3186 Immo
1135 3148 1279 3187 vero
1323 3148 1448 3187 non
1489 3128 1667 3204 pauci
1709 3138 1844 3187 sunt
1885 3128 1991 3203 qui
2033 3128 2216 3188 horni-

368 3360 383 3391 ¹
422 3362 498 3409 Cf.
542 3362 717 3424 ,Meyer
751 3363 783 3409 l.
825 3379 868 3411 c.
907 3379 956 3425 p.
1002 3374 1117 3423 791.
