2367 3850
498 236 860 272 SENTENTIAE
899 236 976 272 DE
1016 234 1271 272 RATIONE
1312 234 1719 271 MORALITATIS.
1994 231 2093 282 277

233 377 292 455 β)
348 383 615 440 «Eadem
658 382 954 442 sententia
985 384 1234 441 destruit
1261 383 1629 441 sanctitatem
1660 382 1975 440 voluntatis
2016 382 2096 440 di·

105 469 304 528 vinae.
394 472 570 529 Haec
613 471 774 530 enim
815 471 1096 530 sanctitas
1137 471 1200 528 in
1242 489 1319 530 eo
1360 481 1478 542 est,
1539 471 1703 545 quod
1745 487 1869 528 non
1911 471 2097 544 possit

106 559 262 616 velle
323 559 437 617 nisi
495 561 753 632 bonum,
814 570 879 618 ut
919 579 1044 618 non
1101 561 1288 636 possit
1330 560 1565 618 mentiri
1607 560 1702 618 vel
1758 577 1885 617 non
1938 569 2093 617 stare

104 647 220 704 suis
263 649 596 723 promissiS,
641 668 767 707 non
811 649 1010 708 odisse
1039 660 1371 724 peccatum,
1415 666 1540 706 non
1570 666 1772 707 amare
1801 647 2091 706 virtutem.

105 736 226 794 Sed
289 735 357 794 in
417 739 716 796 sententia
772 738 1249 796 adversariorum
1304 739 1382 796 de
1439 736 1731 796 eiusmodi
1784 736 2092 794 sanctitate

107 824 222 882 iam
267 843 474 884 sermo
516 845 646 886 esse
690 845 814 885 non
847 836 1060 903 potest,
1107 827 1249 902 quia
1289 827 1406 884 iam
1435 845 1561 885 non
1604 835 1693 886 est
1733 826 1849 883 alia
1891 835 1950 883 et
1991 826 2093 882 im-

103 915 407 974 mutabilis
450 917 686 991 regula,
745 917 841 974 cui
880 916 1152 975 voluntas
1209 915 1410 974 divina
1463 914 1802 974 necessario
1858 914 2092 972 confor-

106 1003 254 1060 mari
301 1003 540 1062 debeat.
629 1006 724 1063 Ad
766 1023 1057 1063 summum
1102 1005 1223 1062 dici
1264 1014 1462 1080 potest
1502 1005 1698 1062 Deum
1754 1021 1884 1061 esse
1927 1021 2091 1060 sanc-

104 1100 242 1162 tum,
291 1093 436 1166 quia
476 1095 600 1151 vult
642 1094 808 1168 quod
847 1095 1026 1152 vult.»
1064 1102 1078 1127 ⁸

223 1181 464 1254 Quibus
507 1183 784 1242 omnibus
827 1183 1160 1254 declaratiS,
1214 1183 1408 1241 elucet
1448 1181 1666 1240 veritas
1705 1179 2087 1255 vulgatissimi

105 1268 255 1327 illius
301 1270 645 1329 axiomatis:
716 1271 1012 1344 Quaedam
1059 1272 1499 1347 praecipiuntur
1556 1271 1650 1328 vel
1690 1269 2085 1344 prohibentur,

107 1359 240 1430 quia
295 1359 444 1416 bana
496 1361 595 1418 vel
643 1361 800 1418 mala
852 1367 1022 1430 sunt,·
1080 1361 1359 1434 quaedam
1412 1377 1547 1420 vero
1603 1359 1747 1416 bona
1800 1359 1895 1416 vel
1933 1357 2088 1414 mala

107 1454 254 1516 sunt,
299 1449 441 1523 quia
467 1451 911 1525 praecipiuntur
949 1451 1043 1507 vel
1064 1449 1460 1525 prohibentur.

948 1635 984 1676 C
993 1635 1152 1676 APUT
1194 1635 1257 1676 11.

143 1738 252 1795 DE
296 1741 680 1800 RATIONE
723 1741 1234 1800 DISCRIMINIS
1273 1739 1749 1798 INTRINSECI
1790 1739 2045 1795 INTER

487 1829 789 1889 BONUM
834 1831 942 1887 ET
983 1831 1293 1889 MALUM
1336 1829 1708 1888 MORALE.

225 1959 383 2017 Cum
428 1959 584 2019 inter
626 1962 852 2019 bonum
896 1972 955 2020 et
997 1962 1215 2018 malum
1259 1963 1483 2019 morale
1527 1962 1599 2019 sit
1640 1960 1961 2018 discrimen
2003 1968 2084 2023 in-

110 2046 428 2105 trinsecum
447 2095 460 2120 ,
507 2049 791 2123 sequitur,
836 2060 898 2108 ut
939 2060 999 2108 et
1039 2052 1193 2107 ratio
1238 2050 1530 2125 quaedam
1575 2049 1828 2107 inveniri
1867 2052 2084 2111 debeat

111 2135 369 2195 obiectiva
411 2148 472 2196 et
514 2139 894 2209 invariabilis,
956 2158 1076 2213 qua
1117 2139 1438 2197 discrimen
1492 2138 1637 2196 illud
1678 2141 2080 2200 constituatur.

109 2222 272 2295 Quae
315 2226 470 2284 ratio
513 2226 688 2285 nobis
728 2227 847 2285 iam
889 2228 1265 2302 anquirenda
1300 2237 1402 2297 est,
1446 2238 1510 2285 ut
1536 2227 1875 2303 perspicere
1904 2231 2085 2304 possi-

110 2330 242 2385 mus,
291 2314 356 2371 in
400 2333 669 2389 quonam
713 2316 846 2391 ipsa
887 2316 1038 2374 ratio
1093 2316 1375 2374 bonitatis
1416 2318 1511 2374 vel
1566 2316 1823 2375 malitiae
1865 2319 1958 2376 vel
2002 2318 2084 2375 in-

107 2399 476 2462 differentiae
522 2404 764 2462 moralis
807 2405 1107 2462 consistat.

831 2574 1163 2622 AR‘rxcous
1203 2584 1240 2621 1.

107 2683 456 2736 DIVERSAE
499 2688 1112 2737 PHILOSOPHORUM
1151 2687 1601 2737 SENTENTIAE
1634 2686 1730 2735 DE
1763 2688 2080 2736 RATIONE

583 2767 1074 2817 MORALITATIS
1109 2768 1599 2818 REFERUNTUR.

207 2882 542 2940 Innumera
587 2892 724 2940 sunt
765 2882 1259 2957 philosophorum
1313 2882 1533 2957 placita
1573 2881 1733 2939 circa
1790 2882 2078 2939 rationem

107 2969 444 3029 moralitatis
488 2981 728 3029 actuum
764 2971 1178 3029 humanorum.
1263 2973 1515 3029 Possunt
1556 2979 1755 3027 tamen
1799 2969 1876 3026 ad
1919 2980 2080 3043 quat·

102 3061 220 3114 tuor
263 3059 596 3135 praecipue
655 3060 929 3118 revocari
985 3069 1303 3137 systemata
1318 3105 1332 3131 ,
1396 3077 1550 3134 quae
1605 3068 1737 3115 sunt
1794 3056 2078 3114 utilitaris-

105 3160 232 3219 mus,
279 3148 661 3223 empirismus
702 3150 962 3220 moralis,
1005 3148 1440 3206 rationalismus
1482 3145 1739 3216 moraliS,
1783 3144 2077 3203 sententia

103 3235 464 3295 scholastica.

214 3413 226 3445 ¹
268 3416 526 3475 Cathrein‚
565 3413 695 3463 Phil.
735 3430 860 3463 mor.
897 3430 948 3477 p.
988 3424 1069 3476 57.
