2367 3850
265 213 369 275 318
864 223 1095 262 mmm.
1154 223 1294 262 rans
1333 222 1634 262 suemus.

267 375 431 432 valor
472 373 923 433 commutativus
951 371 1352 433 dimetiendus
1393 372 1467 432 sit
1507 391 1581 432 ex
1621 371 1830 431 labore
1860 373 2143 448 impenso
2186 372 2253 429 in

264 481 337 523 ea
377 463 812 539 progignenda.
896 465 1091 523 Immo
1132 465 1308 522 Marx
1347 481 1528 538 saepe
1570 461 1780 522 asserit
1833 462 1926 520 rei
1978 462 2256 520 valorem

264 552 746 611 commutativum
799 551 946 612 nihil
1001 552 1161 612 aliud
1202 571 1334 612 esse
1385 551 1499 611 nisi
1551 553 1826 610 laborem
1866 551 1932 608 in
1973 549 2120 627 ipsis
2163 569 2255 609 re·

262 642 374 700 bus
422 651 769 700 contentum
824 660 929 701 seu
984 643 1152 718 quasi
1208 643 1585 718 coagulatum
1626 641 1722 700 vel
1762 640 2251 716 crystallizatum.

264 731 462 803 Quam
504 731 892 791 assertionem
934 731 1016 790 ita
1056 733 1316 807 probare
1359 741 1637 790 conatur:

390 820 663 880 «Merces
722 819 1157 880 diversissimae
1226 831 1474 896 possunt
1531 821 1686 880 inter
1743 838 1808 880 se
1869 819 2254 878 commutari.

261 909 451 968 Valor
490 927 639 984 ergo
680 911 1133 969 commutativus
1172 910 1356 969 debet
1396 927 1527 969 esse
1567 909 1812 985 aliquid,
1855 909 1920 966 in
1962 926 2087 985 quo
2128 909 2254 968 hae

262 1017 495 1058 merces
536 998 691 1058 inter
730 1017 795 1058 se
837 999 1232 1072 conveniunt,
1277 1017 1380 1058 seu
1421 999 1588 1076 quod
1625 999 1769 1075 ipsis
1810 1009 1900 1058 est
1939 1017 2253 1056 commune.

393 1091 569 1147 «Hoc
598 1098 797 1148 autem
824 1108 949 1148 non
978 1100 1228 1164 possunt
1267 1107 1396 1148 esse
1425 1107 1630 1148 earum
1657 1087 2058 1165 proprietates
2100 1088 2255 1164 phy·

262 1179 420 1237 sicae
449 1187 508 1236 et
536 1176 861 1250 chemicae,
904 1177 1120 1253 quibus
1156 1177 1312 1238 adeo
1339 1177 1495 1238 inter
1521 1197 1586 1238 se
1614 1178 1911 1246 differunt,
1959 1195 2253 1252 quaeque

260 1268 528 1326 valorem
570 1268 824 1326 usualem
866 1267 952 1326 rei
994 1267 1369 1327 constituunt.
1455 1270 1582 1326 Iam
1609 1285 1755 1326 vero
1795 1267 1844 1325 si
1884 1266 2256 1326 abstrahitur

263 1357 339 1415 ab
380 1356 627 1416 utilitate
670 1357 757 1416 rei
798 1367 859 1416 et
898 1357 1159 1434 physicis
1200 1368 1260 1416 et
1288 1356 1572 1416 chemicis
1597 1355 2062 1434 proprietatibus
2106 1374 2250 1415 eam

263 1445 773 1518 constituentibus,
818 1446 967 1505 nihil
1006 1456 1280 1507 remanet
1295 1492 1310 1518 ,
1360 1445 1524 1522 quod
1563 1448 1830 1505 valorem
1871 1446 2254 1504 commutati·

262 1554 397 1594 vum
456 1535 817 1595 constituere
866 1537 1055 1612 possit
1094 1536 1207 1595 nisi
1249 1536 1400 1596 haec
1440 1535 1706 1611 qualitaS,
1751 1536 1917 1610 quod
1957 1535 2077 1594 sint
2107 1544 2253 1612 pro-

261 1625 485 1683 ductum
523 1625 739 1684 laboris
778 1626 1023 1684 humani
1031 1672 1048 1696 ‚
1107 1637 1168 1686 et
1211 1626 1457 1701 quidem
1497 1643 1622 1684 non
1677 1625 1810 1684 talis
1849 1626 1947 1684 vel
1989 1625 2125 1684 talis
2167 1626 2254 1683 la-

262 1713 426 1773 boris
470 1715 737 1775 concreti
755 1761 770 1786 ,
826 1726 891 1773 ut
929 1735 985 1774 v.
1029 1733 1084 1790 g.
1129 1715 1372 1774 sartoris
1411 1717 1508 1774 vel
1567 1714 1810 1787 sutoriS,
1867 1714 1978 1774 sed
2017 1715 2252 1774 laboris

262 1804 509 1862 humani
552 1803 615 1862 in
656 1821 880 1880 genere
921 1822 1025 1864 seu
1066 1805 1128 1862 in
1170 1805 1488 1863 abstracto,

391 1895 607 1969 ‹Erg0,
654 1894 977 1967 concludit,
1020 1895 1219 1970 aliqua
1243 1913 1410 1953 merx
1433 1895 1611 1953 solum
1646 1902 1948 1972 propterea
1989 1894 2250 1954 valorem

263 1986 714 2042 commutativum
754 1985 938 2054 habet,
980 1986 1117 2060 quia
1157 1986 1220 2042 in
1269 2002 1338 2042 ea
1377 1986 1694 2044 continetur
1743 1985 1909 2043 labor
1957 1985 2254 2044 humanus

262 2090 378 2146 qua
418 2074 553 2131 talis
594 2068 983 2149 (abstractus).
996 2092 1023 2125 ²·

385 2161 590 2221 Labor
630 2173 828 2222 autem
871 2162 971 2222 ille
1015 2163 1360 2236 abstractuS,
1405 2162 1564 2222 iuxta
1605 2165 1797 2236 MarX,
1839 2163 2250 2223 dimetiendas

264 2259 353 2308 est
393 2268 467 2309 ex
508 2260 779 2327 tempore
822 2252 901 2311 ad
942 2253 1214 2313 laborem
1255 2252 1624 2324 adhibend0,
1665 2271 1742 2313 eo
1771 2252 2032 2325 scilicet,
2078 2254 2248 2329 quod

270 2340 633 2414 «generatim
675 2341 738 2400 in
764 2342 1066 2417 praesenti
1107 2352 1259 2401 statu
1301 2353 1362 2401 et
1388 2342 1748 2402 condicione
1776 2342 2080 2403 societatis
2107 2362 2247 2402 cum

263 2429 568 2487 communi
607 2430 801 2505 gradu
841 2430 1188 2507 diligentiae
1231 2442 1290 2490 et
1330 2432 1695 2492 dexteritatis
1737 2433 1812 2491 sit
1838 2434 2246 2493 necessarium

264 2518 343 2577 ad
384 2518 605 2578 laboris
646 2518 1165 2596 productionem».

390 2610 563 2666 «Hac
604 2608 835 2669 theoria
875 2609 1095 2669 valoris
1122 2611 1298 2668 Marx
1340 2609 1460 2668 iam
1501 2611 1680 2670 utitur
1719 2612 1797 2670 ad
1832 2611 2246 2670 demonstran·

264 2696 425 2768 dum,
470 2699 777 2771 quomodo
818 2698 1185 2775 capitalistae
1241 2700 1470 2759 maiora
1523 2718 1712 2776 usque
1766 2701 1930 2759 bona
1971 2720 2246 2760 accumu-

263 2786 403 2844 lent.
488 2786 782 2846 Nimirum
838 2787 989 2847 sicut
1029 2788 1091 2847 in
1134 2788 1262 2847 aliis
1315 2790 1645 2862 mercibus,
1703 2789 1786 2849 ita
1825 2789 2006 2848 etiam
2062 2790 2126 2848 in
2169 2791 2246 2848 la·

263 2875 411 2933 bore
428 2922 442 2947 ,
504 2894 606 2935 seu
662 2876 857 2951 potius
912 2876 973 2935 in
1028 2876 1253 2936 viribus
1307 2897 1455 2953 quas
1510 2879 1817 2955 operarius
1875 2878 2244 2955 capitalistae

263 2963 437 3035 locat,
482 2964 761 3040 distingui
801 2976 999 3042 potest
1023 2967 1192 3025 valor
1221 2968 1673 3027 commutativus
1713 2979 1774 3027 et
1799 2970 1966 3027 valor
2005 2968 2244 3027 usualis.

264 3052 449 3110 Valor
490 3056 911 3113 commutativus
951 3055 1159 3114 harum
1203 3055 1414 3115 virium
1467 3055 1866 3116 dimetiendas
1920 3068 2010 3117 est
2051 3076 2131 3117 ex
2171 3058 2246 3116 la·

262 3140 430 3211 bore,
476 3143 579 3216 qui
619 3142 886 3219 impendi
915 3145 1098 3204 debet
1139 3145 1220 3203 ad
1261 3164 1364 3205 eas
1394 3146 1835 3205 conservandas
1876 3156 1936 3205 et
1976 3146 2246 3206 reficien-

263 3230 390 3289 daS.
472 3230 593 3289 Hic
636 3243 833 3293 autem
872 3234 1045 3293 labor
1084 3235 1352 3311 aequalis
1393 3246 1483 3296 est
1523 3254 1790 3295 summae
1830 3254 2028 3294 rerum
2046 3281 2062 3307 ,
2121 3237 2246 3312 qui·

262 3317 371 3373 bus
440 3320 743 3392 operarius
803 3322 881 3379 ad
942 3340 1006 3380 se
1065 3326 1516 3384 sustentandum
1575 3326 1804 3401 indiget
1872 3343 1976 3383 seu
2046 3328 2246 3401 pretio

263 3403 607 3462 earundem.
691 3409 876 3466 Valor
917 3428 1061 3467 vero
1120 3415 1339 3471 usualis
1392 3413 1602 3471 virium
1659 3413 1919 3490 operarii
1976 3416 2244 3474 consistit
