2367 3850
409 220 489 256 DE
529 221 803 257 TEMPORE
844 222 1191 258 CREATIONIS
1232 222 1458 260 ANIMAE
1499 223 1805 262 HUMANAE.
2005 226 2097 278 135

224 359 659 443 Vegetativam
698 370 953 444 proinde
995 369 1256 429 animam
1297 373 1551 445 sequitur
1589 372 1883 444 sensitiva,
1929 374 2106 433 sensi·

103 456 293 514 tivam
336 459 598 532 sequitur
637 458 965 531 rationalis,
1009 460 1091 517 ita
1132 470 1194 517 ut
1237 462 1641 536 unusquisque
1682 463 1866 520 homo
1908 462 2104 538 primo

104 545 179 603 sit
225 547 402 620 quasi
445 549 666 622 planta,
712 548 933 606 deinde
979 549 1148 624 quasi
1189 550 1382 622 belua,
1427 550 1672 609 tandem
1711 552 1912 609 home.

238 636 423 694 Cuius
468 636 801 695 sententiae
844 637 1105 696 rationes
1147 639 1507 713 praecipuae
1548 639 1664 698 hae
1706 650 1868 698 sunt:

241 746 290 782 1.
337 726 439 783 Ad
484 726 899 785 diiudicandas
940 746 1139 785 rerum
1181 728 1498 798 essentias,
1557 729 1634 787 ad
1681 730 2102 804 phaenomena

108 832 358 890 semper
400 826 641 890 oportet
682 816 1026 890 attendere3
1080 835 1280 891 neque
1325 835 1611 892 umquam
1651 819 1790 877 licet
1832 821 1962 893 plus
2010 819 2104 877 tri·

110 905 300 962 buere
350 905 644 964 essentiae
662 951 675 974 ,
734 923 914 980 quam
970 906 1133 980 quod
1191 917 1478 981 appareat
1531 906 1592 964 in
1650 908 2099 982 phaenomeniS.

113 993 424 1064 Quamdiu
468 1013 615 1069 ergo
644 1004 872 1052 tantum
900 996 1290 1053 observantur
1329 996 1750 1070 phaenomena
1791 997 2100 1072 vegetalia,

114 1100 242 1139 non
283 1081 427 1140 licet
467 1101 697 1157 ponere
741 1102 870 1142 esse
912 1083 1173 1142 animam
1217 1084 1573 1142 sensitivam.

243 1189 293 1228 2.
316 1171 527 1229 Tribui
545 1173 728 1231 debet
741 1173 803 1230 in
818 1191 1041 1247 genere
1057 1174 1321 1231 humano
1337 1173 1645 1249 principiis
1661 1174 2098 1249 generantibus,

120 1259 416 1335 quidquid
443 1261 536 1318 his
564 1261 834 1319 tribuitur
862 1262 923 1319 in
952 1281 1175 1336 genere
1209 1261 1532 1320 viventium
1561 1263 1940 1338 reliquorum.
1982 1264 2100 1322 Sed

118 1349 378 1407 viventia
408 1350 639 1424 reliqua
668 1341 1011 1426 producunt
1035 1352 1297 1410 animam
1327 1352 1789 1410 substantialem.
1847 1355 2010 1428 Ergo
2039 1354 2102 1411 id

118 1437 309 1512 ipsum
334 1439 570 1497 homini
587 1439 968 1498 tribuendum
991 1451 1095 1499 est.
1140 1440 1262 1499 Sed
1281 1442 1465 1499 homo
1486 1440 1820 1516 producere
1841 1441 2102 1499 animam

122 1526 484 1600 spiritualem
504 1547 629 1586 non
648 1539 861 1604 potest.
910 1530 1167 1605 Oportet
1186 1547 1350 1605 erg0,
1373 1539 1436 1587 ut
1456 1531 1715 1587 animam
1738 1529 2099 1605 spiritualem

122 1617 440 1675 antecedat
482 1619 683 1676 anima
729 1619 1073 1690 materialis,
1118 1637 1274 1694 quae
1317 1619 1393 1676 ab
1435 1618 1679 1677 homine
1722 1619 2098 1693 producatur.

242 1725 295 1778 3.
342 1706 750 1766 Conformitas
788 1718 847 1765 et
885 1707 1254 1766 incredibilis
1295 1707 1396 1765 illa
1437 1707 1773 1778 similitudO,
1820 1726 1972 1782 quae
2017 1719 2104 1766 est

126 1794 274 1852 inter
314 1807 597 1870 parentes
640 1807 698 1854 et
740 1797 974 1868 liberOS,
1031 1799 1217 1855 multo
1259 1796 1488 1855 facilius
1528 1796 1868 1872 explicatur,
1915 1797 1961 1855 si
2003 1815 2104 1872 pu-

128 1894 309 1943 temus
337 1903 449 1960 per
476 1887 693 1945 multos
721 1885 849 1945 dies
878 1886 1054 1945 fuisse
1082 1887 1145 1945 in
1190 1885 1539 1961 corporibus
1579 1886 1833 1944 filiorum
1875 1885 2102 1945 animas

130 1975 457 2033 materiales
500 1992 536 2032 a
576 1976 922 2050 parentibus
962 1977 1286 2051 productas
1311 1977 1342 2034 ¹.

240 2064 313 2120 II.
346 2065 516 2121 quta
558 2064 854 2121 Albertum
881 2066 1171 2138 Magnum
1213 2073 1270 2121 et
1306 2072 1544 2122 recentes
1575 2064 1930 2140 physiologos
1974 2065 2099 2122 fere

130 2170 329 2210 omnes
373 2152 575 2209 anima
617 2154 918 2212 rationalis
960 2154 1120 2212 illico
1164 2154 1225 2211 in
1269 2153 1462 2229 prima
1500 2152 1945 2228 organizatione
1977 2170 2101 2210 cor-

130 2241 254 2315 pori
294 2242 641 2301 infunditur.

248 2331 463 2390 «Cuius
492 2331 821 2398 sententiae
852 2332 1001 2390 ratio
1031 2343 1135 2404 est,
1177 2342 1238 2389 ut
1267 2332 1470 2390 dicant
1498 2332 1576 2390 ad
1604 2330 2098 2389 introducendam

135 2420 379 2477 animam
422 2421 772 2493 humanam,
833 2440 986 2496 quae
1030 2421 1103 2479 sit
1156 2421 1326 2479 simul
1384 2420 1744 2495 vegetativa,
1803 2419 2096 2491 sensitiva,

136 2508 452 2580 rationaliS,
496 2528 623 2567 non
667 2510 889 2585 requiri
929 2510 1382 2584 dispositionem
1425 2508 1946 2585 perfectissimam,
1992 2507 2098 2565 sed

136 2598 258 2655 satis
286 2617 413 2656 esse
446 2617 599 2670 eam,
646 2617 763 2674 qua
792 2598 1027 2674 aliquae
1058 2601 1267 2657 saltem
1296 2600 1674 2674 operationes
1703 2598 1906 2655 vitales
1944 2597 2098 2655 effici

137 2698 380 2759 possunt.
430 2734 441 2745 .
493 2733 503 2744 .
554 2733 565 2745 .
652 2689 863 2763 Neque
921 2689 1145 2758 obstat,
1207 2689 1371 2764 quod
1425 2688 1538 2746 isto
1595 2696 1866 2762 tempore
1911 2681 2098 2759 (initio

137 2772 542 2850 generationis)
572 2780 735 2835 nulla
762 2788 1093 2853 appareant
1131 2777 1430 2835 rationalis
1472 2776 1625 2835 vitae
1669 2774 1929 2850 vestigia.
2001 2774 2100 2832 Ad

138 2863 598 2924 ratiocinandum
637 2867 799 2924 enim
839 2866 902 2924 in
944 2866 1189 2925 homine
1233 2877 1397 2925 certa
1439 2865 1735 2940 quaedam
1778 2861 2098 2937 organismi

140 2953 375 3011 evolutio
406 2964 466 3012 et
494 2955 785 3029 perfectio
814 2955 1163 3030 requiritun
1207 2974 1361 3030 quae
1389 2973 1468 3013 ne
1497 2956 1559 3018 in
1601 2954 1846 3028 parvulo
1889 2968 2099 3009 recens

140 3052 263 3099 nato
316 3043 563 3117 quidem
618 3044 925 3119 reperitur.
1012 3044 1317 3118 Numquid
1367 3042 1688 3101 infantibus
1728 3039 2098 3114 vagientibus

144 3129 322 3189 anima
347 3132 653 3191 rationalis
681 3134 959 3208 neganda
990 3144 1079 3191 est
1107 3151 1200 3205 e0,
1234 3133 1396 3207 quod
1425 3130 1692 3189 nondum
1722 3128 2098 3186 manifestent

145 3218 291 3278 ullius
330 3220 799 3281 ratiocinationis
840 3222 1131 3279 indicia?»
1158 3222 1179 3254 ²

256 3394 271 3424 ¹
304 3398 377 3445 Ita
413 3400 516 3449 fere
554 3402 707 3449 Pesclz
744 3399 777 3450 l.
819 3416 861 3448 e.
902 3401 943 3459 Ι,
983 3412 1103 3459 429.
1253 3396 1273 3427 ²
1311 3398 1440 3444 Ibid.
1482 3414 1530 3458 p-
1572 3408 1690 3455 430·
