2367 3850
1374 1 1385 20 .
1447 1 1464 3 -’
1497 1 1563 14 Ὗ».-
1595 3 1604 6 -
1653 3 1764 12 -v-v-

1772 2 2344 61 *ww-v

327 232 428 292 276
901 243 1131 280 ETch.
1196 243 1336 280 PARS
1376 242 1716 279 GENERALIS.

443 391 628 464 Quod
668 391 716 450 si
756 391 1258 450 universalitatem
1310 399 1370 450 et
1412 390 1809 448 constantiam
1852 390 2023 447 huius
2066 405 2289 464 persua·

320 478 501 538 sionis
544 478 877 551 admittunt,
921 479 1028 538 sed
1070 497 1144 538 ex
1182 481 1531 537 instttutione
1569 479 1828 536 humana
1886 478 2083 554 ipsam
2122 477 2288 534 intro-

319 569 562 627 ductam
605 586 734 628 esse
765 569 1155 640 contendunt,
1200 571 1477 626 rationem
1518 569 1936 644 insufficientem
1962 566 2139 624 huius
2178 567 2288 625 uni-

318 657 665 716 versalitatis
708 668 767 717 et
809 657 1179 720 constantiae
1221 659 1495 716 afferunt.
1580 659 1704 716 Res
1746 658 1909 715 enim
1950 665 2077 714 tam
2116 657 2289 714 varia-

317 746 482 818 biles,
524 747 730 822 quales
759 757 894 806 sunt
918 746 1229 805 hominum
1262 747 1425 821 leges
1460 755 1519 805 et
1552 745 1867 804 iuventutis
1898 745 2289 804 instituendae

318 834 467 892 ratio
484 881 498 908 ,
557 836 1010 895 fundamentum
1063 835 1469 912 persuasionis
1524 845 1646 893 tam
1702 835 2033 894 constantis
2076 845 2137 893 et
2176 845 2285 892 tam

315 922 660 983 universalis
701 942 832 983 esse
873 943 997 983 non
1042 933 1307 1000 possunt.

438 1041 489 1079 2.
533 1022 886 1096 Argumenta
914 1031 1028 1098 per
1066 1022 1395 1080 absurdum.
1488 1043 1491 1045 *

432 1117 489 1194 a)
539 1138 565 1170 <<
578 1119 792 1192 Quoad
822 1120 1223 1177 institutionem
1264 1119 1591 1176 humanam.

435 1219 522 1274 Ex
551 1217 665 1275 hac
694 1216 855 1274 enim
885 1217 1195 1288 sententia,
1226 1219 1275 1275 si
1295 1235 1436 1276 vera
1466 1234 1596 1276 esse
1624 1216 1968 1289 admittitur,
2015 1211 2074 1291 α)
2104 1216 2280 1290 sequi-

311 1316 431 1363 tur:
483 1307 752 1364 «Nullam
796 1307 992 1381 legem
1035 1308 1129 1365 vel
1173 1307 1667 1365 consuetudinem
1711 1305 1789 1364 de
1832 1307 1995 1364 facto
2037 1323 2166 1364 esse
2205 1306 2280 1361 in-

311 1395 640 1453 honestam.
725 1397 809 1454 Ut
867 1395 1029 1452 enim
1085 1395 1286 1469 aliqua
1344 1396 1441 1454 lex
1500 1394 1789 1453 exsistens
1844 1396 2052 1453 vocari
2105 1395 2278 1470 possit

309 1485 653 1554 inhonesta,
715 1484 898 1542 debet
939 1484 1151 1544 adesse
1208 1484 1408 1560 aliqua
1462 1502 1679 1542 norma
1733 1483 2047 1542 hominum
2102 1484 2277 1541 libera

309 1573 613 1630 voluntate
656 1573 942 1647 superior.

435 1663 487 1743 β)
538 1669 848 1744 «Sequitur
889 1671 1068 1728 etiam
1109 1669 1476 1746 turpissimas
1520 1670 1787 1728 actiones
1807 1717 1821 1742 ,
1884 1668 2270 1746 parricidium,

307 1758 710 1834 proditionem
751 1760 997 1833 patriae,
1041 1759 1365 1833 periurium
1406 1770 1519 1817 etc.
1540 1806 1553 1831 ,
1598 1777 1776 1835 posse
1818 1759 1948 1818 fieri
1990 1760 2269 1827 honestaS,
2342 1807 2344 1822 ,

306 1846 356 1905 si
398 1847 702 1906 communi
745 1848 1023 1922 suffragio
1065 1849 1480 1923 probarentur.
2343 1823 2344 1901 l

425 1940 478 2019 γ)
528 1947 844 2005 «Ceterum
886 1946 948 2002 hi
989 1956 1265 2005 auctores
1310 1947 1434 2005 fere
1464 1965 1674 2005 omnes
1705 1947 1819 2005 sibi
1849 1944 2263 2004 contradicunt.

306 2034 502 2106 Quam
533 2035 788 2109 primurn
819 2036 979 2092 enim
1009 2035 1202 2109 agitur
1243 2036 1321 2093 de
1362 2035 1723 2111 assignanda
1766 2036 1989 2110 regula,
2034 2053 2150 2109 qua
2187 2052 2266 2090 ac-

304 2124 498 2182 tiones
525 2125 724 2183 bonae
753 2143 788 2181 a
818 2125 985 2182 malis
1013 2124 1274 2183 discerni
1304 2124 1547 2200 possint,
1580 2133 1891 2183 recurrunt
1920 2125 2001 2182 ad
2024 2124 2263 2198 aliquam
2341 2134 2342 2195 ;

303 2214 596 2271 rationem
640 2212 1039 2272 intrinsecam.
1099 2214 1323 2271 Dicunt
1366 2234 1421 2271 v.
1451 2232 1505 2288 g.
1551 2212 1679 2271 illas
1722 2212 1991 2271 actiones
2024 2230 2151 2271 esse
2176 2212 2266 2268 bo-

303 2320 426 2373 nas,
450 2320 603 2376 quae
625 2302 943 2360 conferunt
961 2301 1039 2359 ad
1055 2303 1284 2359 bonurn
1304 2302 1597 2377 privatum
1611 2302 1709 2360 vel
1728 2320 2069 2361 commune.
2098 2299 2264 2373 Atqui

302 2391 520 2448 multae
563 2390 829 2448 actiones
871 2401 1083 2448 natura
1125 2409 1233 2449 sua
1272 2392 1437 2449 bono
1480 2390 1563 2448 illi
1605 2400 1855 2465 prosunt
1895 2392 1991 2449 vel
2038 2391 2259 2449 obsunt.
2339 2452 2340 2457 η

420 2482 482 2564 b)
530 2506 556 2539 ‹<
571 2488 783 2563 Quoad
814 2490 1215 2545 institutionem
1256 2489 1524 2546 divinam.

421 2578 479 2660 α)
527 2585 626 2642 «Si
654 2605 796 2644 vera
825 2595 913 2643 est
939 2586 1235 2643 sententia
1272 2586 1768 2657 adversariorum,
1800 2588 1968 2645 Deus
1995 2585 2260 2662 potuisset

298 2674 664 2749 praecipere,
695 2694 749 2732 v.
781 2692 857 2749 g.,
900 2684 963 2731 ut
991 2691 1126 2732 eum
1154 2674 1474 2745 oderimuS,
1505 2674 2009 2749 blasphememus,
2054 2674 2260 2751 peiere-

297 2780 442 2833 mus,
488 2763 651 2837 quod
692 2763 866 2821 valde
909 2763 1231 2821 absurdum
1278 2773 1385 2821 est.

297 2942 426 2991 nach
477 2942 569 2989 Dr.
615 2941 659 3004 J.
712 2941 892 2989 Helfer
943 2937 1293 3004 (oeAsiatische
1345 2938 1594 3004 Reisen»)
1653 2941 1728 2990 als
1782 2950 1943 3001 erste,
2014 2950 2133 2991 stets
2183 2939 2251 2987 be-

294 3022 453 3085 folgte
491 3020 918 3085 Klugheitsregel,
957 3021 1166 3069 niemals
1206 3021 1287 3069 die
1327 3022 1597 3071 Wahrheit
1633 3038 1694 3071 zu
1732 3038 1916 3086 sagen,
1956 3022 2088 3071 auch
2122 3034 2250 3069 wenn
2335 3026 2336 3069 ξ

294 3100 366 3148 sie
417 3117 504 3148 zur
540 3101 682 3163 Ltige
733 3117 824 3164 gar
873 3100 1020 3149 keine
1058 3100 1441 3165 Veranlassung
1489 3101 1676 3150 haben.
1709 3138 1719 3149 .
1750 3140 1761 3149 .
1792 3120 1834 3149 ,υ
1915 3101 2019 3150 Sed
2070 3117 2154 3151 cur
2196 3098 2249 3145 ad

293 3181 449 3228 Indos
475 3196 663 3243 eosque
687 3180 1050 3228 remotissimos
1076 3188 1367 3245 properant,
1408 3189 1463 3229 ut
1488 3180 1606 3229 talia
1630 3182 1764 3230 facta
1788 3182 2038 3230 referant?
2084 3181 2246 3229 Nonne

292 3260 426 3322 apud
463 3268 659 3307 nosmet
695 3260 830 3321 ipsos
867 3260 1202 3318 inveniuntur,
1256 3260 1343 3323 qui
1390 3261 1475 3309 tali
1511 3261 1783 3324 prudentia
1821 3262 1872 3309 in
1911 3262 2127 3325 negotiis
2159 3257 2246 3307 suis

292 3339 522 3383 utantur?
586 3337 887 3398 Sequiturne
938 3338 999 3385 ex
1049 3354 1136 3397 eo,
1192 3347 1246 3385 ut
1283 3339 1409 3386 tales
1446 3339 1677 3389 homines
1712 3342 1884 3390 intime
1919 3358 2021 3389 non
2056 3340 2244 3390 sentiant
2333 3334 2334 3361 ³

292 3413 503 3467 mentiri,
545 3413 660 3459 licet
698 3414 820 3474 ipsis
859 3415 910 3461 in
948 3416 1032 3462 tali
1073 3432 1193 3464 casu
1232 3419 1351 3465 utile
1388 3418 1466 3477 sit,
1506 3418 1557 3465 in
1595 3434 1649 3467 se
1688 3427 1854 3467 tamen
1891 3428 2037 3483 turpe
2059 3420 2193 3469 esse?
