2367 3850
414 272 707 310 DIVERSAE
747 273 1133 312 MORALITATIS
1174 273 1398 313 SPECIES
1437 275 1857 314 EXPLICANTUR.
2018 277 2114 326 291

270 440 319 479 2.
380 423 460 479 Et
500 421 603 480 illa
644 422 889 498 quidem
931 423 1258 482 inserviunt
1297 425 1377 482 ad
1419 424 1884 499 diiudicandum,
1927 437 2122 485 utrum

144 511 301 568 actio
345 511 646 586 quaedam
688 514 749 570 in
782 531 990 586 genere
1022 514 1367 572 moralitatis
1394 514 1781 574 constituatur
1809 534 2020 589 necne,
2065 525 2125 576 et

145 602 208 658 in
245 609 526 676 quantum
567 602 641 659 sit
682 603 939 661 moralis,
996 602 1097 660 Ad
1138 604 1626 678 cognoscendum
1668 621 1813 664 vero
1855 613 2126 663 naturam

144 692 457 766 specificam
506 692 751 750 alicuius
812 703 976 751 actus
1035 692 1278 751 moralis
1337 711 1458 768 qua
1509 692 1641 751 talis
1695 694 2123 753 attendendum

148 790 237 838 est
293 799 536 857 semper
602 781 683 839 ad
743 781 869 840 eius
927 781 1338 841 habitudinem
1400 799 1536 840 cum
1597 781 1844 842 ratione.
1949 784 2124 858 Quae

144 869 341 946 logice
386 870 763 928 deducuntur
816 889 891 930 ex
931 870 1031 942 iis,
1090 889 1245 946 quae
1287 889 1467 947 supra
1521 871 1683 930 circa
1723 889 1855 931 esse
1896 875 2124 932 morale

148 960 453 1017 actionum
495 959 889 1019 humanarum
928 959 1202 1018 diximus,

267 1057 356 1115 Sit
398 1074 511 1132 pro
553 1075 618 1114 re
673 1065 800 1116 tota
853 1057 1095 1115 unicum
1150 1057 1519 1134 exemplum:
1582 1059 1788 1117 Petrus
1848 1059 1998 1118 feria
2035 1061 2123 1117 VI

145 1145 235 1203 ius
276 1146 547 1204 carnium
591 1145 757 1204 bibit.
842 1147 1030 1204 Valor
1068 1146 1240 1204 huius
1282 1156 1447 1205 actus
1489 1148 1598 1205 sub
1636 1159 1912 1224 respectu
1940 1167 2130 1206 mora·

146 1235 323 1293 litatis
365 1234 783 1294 diiudicandus
825 1247 929 1294 est.
989 1236 1050 1293 Si
1086 1236 1256 1308 bibit,
1301 1236 1442 1312 quia
1482 1255 1592 1312 per
1619 1238 1942 1295 violentiam
1982 1256 2034 1295 e.
2067 1256 2122 1312 g.

146 1323 261 1400 ipsi
300 1323 661 1396 infunditur,
706 1325 941 1383 coactio
982 1325 1083 1383 illa
1123 1324 1390 1401 impedit,
1438 1325 1755 1401 quominus
1795 1327 1955 1385 actio
1999 1327 2126 1384 eius

146 1412 219 1471 sit
260 1413 467 1485 libera,
512 1424 573 1472 et
607 1414 865 1490 proinde
894 1415 1091 1487 efficit,
1134 1424 1198 1473 ut
1239 1415 1302 1472 in
1343 1433 1562 1490 genere
1600 1415 1946 1474 moralitatis
1989 1433 2128 1474 con-

148 1503 304 1562 stitui
345 1522 474 1562 non
515 1504 716 1578 possit.
1088 1571 1093 1576 ,
2042 1499 2048 1505 ’

268 1601 330 1659 Si
371 1601 721 1664 violentiam
780 1602 1023 1678 quidem
1076 1621 1206 1660 non
1245 1601 1492 1678 patitur,
1550 1602 1659 1661 sed
1711 1604 1831 1661 sine
1869 1604 1991 1661 ulla
2031 1605 2128 1661 ad·

146 1692 427 1749 vertentia
470 1691 627 1766 agit,
684 1692 836 1750 haee
891 1701 1055 1750 actus
1109 1692 1444 1750 intellectus
1484 1692 1826 1751 deficientia
1865 1694 2130 1751 volunta-

148 1780 299 1838 rium
340 1780 493 1838 tollit
534 1790 596 1840 et
622 1780 877 1856 proinde
906 1799 1032 1838 non
1058 1779 1252 1839 minus
1294 1799 1366 1838 ac
1409 1781 1644 1839 coactio
1673 1781 1940 1857 impedit,
1985 1799 2127 1857 quo-

150 1870 345 1929 minus
390 1869 547 1928 actio
590 1870 749 1929 Petri
791 1869 865 1929 sit
904 1871 967 1929 in
1001 1887 1207 1944 genere
1246 1877 1469 1929 actuum
1509 1871 1826 1930 moralium.

269 1968 332 2026 Si
374 1968 562 2028 libere
601 1968 864 2044 denique
906 1978 1126 2027 etcum
1158 1968 1589 2027 deliberatione
1631 1970 1769 2045 agit,
1813 1968 1930 2027 iam
1959 1981 2125 2028 actus

148 2056 272 2115 eius
314 2057 377 2115 in
434 2074 660 2133 genere
717 2069 956 2116 actuum
998 2058 1311 2116 moralium
1355 2057 1612 2134 ponitur.
1699 2059 1797 2116 Ad
1852 2059 2126 2118 determi-

146 2148 415 2205 nandam
454 2164 601 2205 vero
641 2148 869 2223 speciem
910 2148 1035 2206 eius
1090 2147 1471 2219 moralitatis,
1529 2147 1960 2206 attendendum
2015 2148 2126 2207 erit

146 2235 222 2293 ad
265 2234 677 2294 habitudinem
718 2235 887 2295 huius
928 2245 1095 2294 actus
1135 2254 1273 2295 cum
1327 2236 1561 2295 ratione
1602 2246 1783 2295 recta.
1869 2238 1929 2295 Si
1986 2256 2125 2295 con-

146 2324 353 2382 formis
413 2335 503 2383 est
562 2344 698 2383 cum
758 2324 1014 2396 ratione,
1078 2343 1235 2400 quae
1293 2325 1483 2401 ipsam
1539 2325 1816 2383 exhibeat
1869 2337 1932 2384 ut
1986 2345 2126 2385 con-

144 2414 487 2473 venientem
530 2424 775 2473 naturae
831 2414 1104 2473 rationali
1145 2415 1441 2473 humanae
1483 2410 1650 2490 (puta
1694 2426 1766 2476 ¹ut
1813 2415 2122 2491 potionem

145 2502 222 2559 ad
265 2504 583 2563 sanitatem
624 2500 1147 2580 recuperandam),
1193 2504 1356 2562 bona
1397 2503 1540 2579 erit3
1595 2503 1644 2561 si
1697 2503 1988 2563 difformis
2038 2514 2127 2562 est

146 2611 283 2651 cum
338 2592 471 2669 ipsa
488 2640 503 2665 ,
560 2605 851 2669 quatenus
892 2593 1120 2653 scilicet
1172 2613 1211 2651 a
1264 2594 1494 2652 ratione
1547 2603 2024 2669 repraesentatur
2063 2604 2126 2651 ut

144 2701 272 2740 non
314 2682 704 2756 convenienS,
745 2684 904 2742 mala
944 2684 1073 2742 erit.
2003 2679 2006 2681 ’

464 2919 469 2923 ,
925 2863 1258 2911 ART1CULus
1297 2874 1356 2910 11.

252 2976 613 3027 DIVERSAE
648 2976 1135 3025 MORALITATIS
1174 2975 1452 3025 SPECIES
1479 2976 2009 3026 EXPLICANTUR.

263 3102 309 3160 Ι.
356 3100 759 3159 Moralitatem
801 3098 921 3157 iam
962 3098 1179 3157 scimus
1207 3098 1394 3157 dividi
1423 3118 1597 3175 posse
1640 3100 1702 3157 in
1731 3099 2124 3157 moralitatem

146 3190 347 3249 bonam
390 3200 451 3250 et
492 3188 888 3248 moralitatem
929 3191 1141 3246 malam
1184 3183 1264 3263 (p.
1313 3206 1422 3263 271
1458 3184 1636 3263 sqq.).

264 3280 388 3339 Sed
416 3278 657 3338 ulterius
686 3278 987 3353 quaeritur
1014 3298 1051 3336 a
1078 3277 1450 3353 philosophis
1493 3287 1553 3334 et
1581 3278 1890 3352 theologis,
1929 3287 2124 3335 utrum

148 3388 274 3430 esse
318 3368 553 3445 possint
593 3379 758 3426 actus
801 3368 1105 3426 moraliter
1144 3366 1553 3442 indzjfferentes‚
1599 3367 1680 3425 ita
1719 3376 1783 3424 ut
1822 3367 2124 3424 moralitas
2154 3383 2158 3386 ·

149 3459 445 3519 dividatur
486 3458 549 3515 in
591 3458 831 3529 bonam,
875 3459 1114 3529 malam,
1161 3456 1619 3515 indifferentem.

1689 3552 1800 3612 19*
