2367 3850
1574 459 1749 507 quam
1789 463 2035 516 corpora
2068 471 2174 504 nn·

75 504 384 562 organica
421 509 521 558 vel
564 511 694 575 ipsa
734 522 1090 580 vegetantis„
1181 517 1376 591 Quod
1419 524 1692 598 sequitur
1734 546 1809 586 ex
1852 531 1927 590 iis
1944 579 1958 604 ,
2014 553 2173 608 quae

71 597 285 656 supra
330 587 604 650 diximus
647 589 730 670 (p.
779 617 859 670 44
909 613 970 658 et
999 599 1103 678 45)
1151 607 1232 664 de
1276 611 1479 682 gradu
1520 615 1919 688 perfectionis
1962 639 2175 697 opera-

69 670 338 732 tionum
383 679 767 746 animalium.

69 1095 323 1158 tivistas
342 1149 357 1172 ‚
423 1107 534 1180 qui
605 1110 839 1170 animal
903 1115 1122 1174 dicunt
1188 1122 1783 1194 agglomerationem
1855 1128 2169 1202 quandam

69 1187 512 1252 accidentium
572 1191 844 1276 (virium)
904 1222 1070 1262 nexu
1130 1208 1349 1266 nescio
1408 1229 1535 1286 quo
1594 1213 1753 1272 inter
1810 1233 1876 1273 se
1922 1217 2170 1292 colliga-

68 1283 308 1338 torum.
401 1284 712 1346 Probatur
755 1301 996 1350 autem:

203 1370 268 1450 a)
317 1380 571 1440 Eodem
616 1387 831 1459 mod0,
883 1406 1009 1462 quo
1041 1409 1232 1466 supra
1262 1387 1347 1467 (p.
1386 1389 1489 1470 20)
1533 1395 1906 1472 principium
1953 1417 2165 1474 opera·

61 1461 319 1524 tionum
365 1473 863 1544 vegetativarmn
908 1479 1319 1538 substantiam
1366 1501 1555 1540 unam
1598 1503 1731 1544 esse
1761 1486 2160 1545 ostendimus,

63 1551 138 1607 In
206 1556 410 1614 omni
467 1560 636 1620 enim
703 1565 1154 1644 cuiuscumque
1220 1569 1508 1629 animalis
1570 1573 1879 1632 activitate
1944 1575 2159 1632 miram

59 1638 424 1703 invenimus
451 1650 828 1722 finalitatem
857 1655 1027 1714 illam
1058 1659 1442 1716 intrinsecam
1472 1677 1720 1719 necnon
1754 1664 2157 1730 constantiam,

64 1746 335 1801 quarum
392 1738 554 1795 ratio
613 1742 930 1802 sufficiens
988 1747 1111 1803 alia
1169 1763 1308 1804 esse
1368 1767 1501 1805 non
1557 1759 1757 1823 potest
1823 1749 2157 1807 intrinseca

60 1817 178 1875 nisi
224 1821 370 1896 ipsa
413 1826 705 1888 animalis
748 1841 972 1890 natura
1013 1853 1158 1892 una.

189 1914 256 1993 b)
320 1922 437 1979 Ex
493 1944 668 1983 sensu
725 1930 950 1987 intimo,
1040 1933 1173 1989 Etsi
1235 1933 1406 1990 enim
1465 1932 1901 2007 impressiones
1946 1950 2147 1991 rerum

63 2008 386 2070 sensilium
430 2012 500 2069 in
559 2017 746 2074 nobis
790 2028 1080 2077 extensas
1124 2038 1262 2079 esse
1308 2020 1636 2091 sentimuS,
1696 2030 1903 2103 tamen
1960 2023 2147 2095 zpsum

64 2104 252 2155 actum.
313 2103 693 2163 sensationis
751 2126 936 2164 unum
995 2119 1058 2166 et
1099 2110 1423 2167 indivisum
1483 2126 1617 2167 esse
1665 2110 1878 2167 intime
1922 2126 2149 2205 cogno·

61 2184 304 2247 scimuS.
398 2190 505 2249 Sic
553 2212 608 2251 e.
653 2212 713 2269 g.
763 2196 1022 2270 quando
1067 2216 1260 2255 manu
1304 2194 1831 2272 apprehendimus
1874 2196 2141 2292 aliquem

60 2272 280 2336 librum
297 2323 314 2349 ,
377 2280 686 2341 sentimus
745 2284 1003 2360 quidem
1063 2286 1295 2344 librum
1360 2304 1492 2344 esse
1552 2295 1870 2343 extensum
1930 2291 1991 2341 et
2036 2300 2142 2337 lm-

63 2364 452 2435 pressionem
514 2374 900 2431 extensionis
946 2374 1089 2432 libri
1133 2375 1201 2431 in
1243 2373 1431 2432 nobis
1473 2390 1607 2431 esse
1652 2382 1983 2471 extensam,
2030 2368 2137 2425 sed

64 2462 276 2527 actum,
328 2475 461 2533 quo
509 2458 738 2519 librum
784 2463 1245 2537 cognoscimuS‚
1294 2480 1487 2519 unum
1531 2471 1591 2521 et
1634 2460 1957 2518 indivisum
2004 2472 2135 2513 esse
2214 2536 2224 2539 ᾳ

62 2544 429 2615 experimur.
520 2548 672 2607 Non
710 2550 888 2609 enim
932 2569 1060 2609 una
1105 2550 1470 2627 cognitione
1525 2568 1711 2647 unam
1754 2556 1993 2623 partem
2037 2560 2132 2599 ex-

56 2632 348 2693 tensionis
379 2634 526 2694 libri
560 2640 1024 2713 cognoscimus,
1073 2640 1195 2697 alia
1226 2638 1586 2713 cognitione
1616 2638 1816 2736 aliam,
1862 2631 1974 2691 sed
2009 2647 2129 2685 una

61 2729 114 2775 et
152 2720 422 2782 indivisa
482 2725 737 2785 actione
796 2737 997 2786 totum
1041 2728 1266 2786 librum
1323 2725 1859 2801 apprehendimus.
1926 2720 2121 2815 item,

61 2826 184 2868 cum
243 2812 540 2873 diversae
600 2834 639 2873 a
695 2818 882 2875 nobis
941 2817 1270 2875 eliciuntur
1329 2814 1721 2890 operationes
1778 2816 2116 2872 sens1t1vae‚

63 2914 186 2957 cum
230 2903 398 2960 oculi
443 2903 695 2975 vident,
756 2924 939 2965 aures
983 2905 1275 2975 audiunt,
1338 2902 1618 2959 membra
1658 2914 1791 2957 sese
1822 2900 2111 2993 ‘movenb

61 2987 126 3043 ab
179 2976 324 3049 uno⁴
367 3002 431 3049 et
491 2993 725 3051 eodem
785 2994 1057 3052 indiviso
1115 2990 1427 3067 principio
1486 2988 1755 3047 diversas
1818 2982 1949 3037 lllaS
2019 2996 2111 3060 30·

61 3074 236 3137 tiones
308 3080 700 3159 procedere,
778 3082 996 3141 intime
1069 3082 1253 3139 nobis
1316 3076 1548 3136 conscii
1610 3088 1829 3170 sumus.
1934 3065 2106 3135 Quae

61 3166 246 3227 omnia
288 3168 624 3229 evidenter
668 3171 1010 3229 ostendunt
1057 3166 1433 3244 principium
1492 3169 1917 3237 operatmnum
1976 3168 2102 3206 sen-

63 3250 348 3315 sitiv-arum
381 3238 461 3317 “in
522 3259 710 3317 nobis
767 3276 905 3317 esse
963 3256 1367 3315 substantiam
1423 3249 1733 3326 quandam
1798 3257 1978 3299 unam
2039 3245 2097 3291 et

64 3339 383 3404 indivisam.
