2367 3850
90 218 143 252 DE
172 219 465 255 rERMINo
503 219 739 256 UNIONIS
775 219 985 256 CORPUS
1021 219 1197 256 INTER
1225 220 1296 256 ET
1323 221 1559 258 ANIMAM
1590 222 1877 259 VIGENTIS.
1961 221 2056 272 119

178 367 263 423 ΙΙ.
328 366 557 424 Anima
596 367 849 424 humana
890 386 1003 424 non
1056 367 1227 425 habet
1269 376 1468 443 partes
1521 370 1906 428 constitutivas
1964 372 2056 428 vel

91 455 459 526 essentiales,
513 456 547 514 i.
594 475 645 514 e.
689 474 814 515 non
857 455 1238 532 componitur
1278 456 1340 514 in
1383 476 1488 516 sua
1529 458 1784 518 essentia
1826 478 1898 518 ex
1941 479 2058 518 rna·

92 545 221 602 teria
267 555 333 603 et
379 545 591 604 forma.
636 576 715 584 -—
756 546 1077 604 Probatur:

196 654 249 692 1.
295 635 413 692 Ex
453 636 571 692 eius
608 635 1027 710 spiritualitate.
1097 634 1408 709 Quidquid
1451 647 1540 694 est
1582 635 1934 694 intrinsecus
1974 636 2057 694 in-

92 722 441 798 dependens
482 742 518 780 a
558 721 822 794 materia,
866 741 991 781 non
1032 722 1216 782 habet
1255 734 1454 798 partes
1496 723 1916 784 constitutivas,

189 811 391 887 Atqui
432 813 631 870 anima
683 813 943 870 humana
998 822 1085 872 est
1140 812 1492 872 intrinsecus
1543 813 1961 888 independens
2021 833 2058 872 a

96 901 333 960 materia
380 897 460 978 (p.
512 919 619 976 107
666 897 841 977 sqq).

197 993 370 1066 Ergo
417 991 619 1048 anima
656 991 919 1050 humana
960 1009 1084 1049 non
1126 991 1310 1050 habet
1350 1003 1549 1068 partes
1592 991 2012 1050 constitutivas,

202 1101 252 1138 2.
302 1080 413 1138 Ex
438 1081 789 1138 immunitate
816 1082 933 1138 eius
960 1081 1274 1156 apartibus
1289 1082 1702 1156 quantitativis.
1748 1079 2060 1156 Quidquid

96 1170 468 1246 componitur
509 1187 582 1228 ex
624 1170 869 1228 materia
906 1181 966 1229 et
994 1170 1204 1241 forma,
1247 1171 1587 1228 necessario
1618 1180 1706 1228 est
1733 1180 2056 1230 extensum.

98 1258 266 1332 Quod
308 1258 559 1334 quidem
601 1257 865 1334 legitima
905 1257 1252 1318 inductione
1293 1259 1605 1318 manifeste
1649 1269 1896 1318 constat.

204 1347 394 1423 Atqui
436 1347 636 1406 anima
676 1349 938 1406 humana
977 1367 1102 1408 non
1146 1359 1234 1406 est
1277 1357 1520 1408 extensa
1541 1393 1555 1420 ‚
1600 1359 1662 1407 ut
1704 1349 1886 1408 modo
1928 1368 2061 1424 pro-

98 1439 291 1496 batum
334 1445 443 1496 est.

208 1529 373 1602 Ergo
416 1526 619 1584 anima
659 1527 917 1584 humana
959 1544 1083 1585 non
1126 1538 1216 1584 est
1257 1527 1594 1603 composita
1627 1546 1700 1586 ex
1728 1527 1975 1586 materia
2004 1535 2062 1584 et

102 1616 298 1686 forma,
342 1616 380 1674 i.
428 1635 478 1674 e.
526 1634 649 1674 non
691 1617 873 1674 habet
915 1625 1113 1691 partes
1156 1615 1562 1674 constitutivas
1592 1617 1624 1674 ¹.

210 1707 308 1765 Ad
350 1705 673 1764 solvendas
714 1723 860 1764 vero
917 1705 1324 1777 difficultateS,
1386 1723 1542 1780 quae
1598 1705 1739 1764 oriri
1795 1716 2058 1780 possunt,

104 1795 416 1853 notandum
460 1803 566 1865 est,
612 1813 684 1853 ex
726 1794 1175 1870 operationibus
1203 1797 1446 1852 extensis
1473 1794 1818 1870 vegetativis
1847 1803 1907 1853 et
1935 1812 2062 1852 sen-

105 1883 269 1943 sitivis
311 1902 437 1943 non
480 1885 667 1960 sequi,
711 1894 774 1943 ut
816 1883 1015 1943 anima
1054 1884 1317 1943 humana
1357 1895 1600 1943 extensa
1641 1901 1770 1943 esse
1813 1883 2059 1943 dicatur.

104 1975 301 2049 Neque
345 1974 507 2033 enim
550 1974 749 2033 anima
792 1975 919 2032 sola
961 1985 1050 2033 est
1092 1992 1296 2032 earum
1327 1973 1739 2049 operationum
1766 1974 2062 2033 subiectum

108 2082 285 2137 neque
328 2064 528 2121 anima
572 2082 774 2121 earum
818 2075 907 2122 est
936 2064 1284 2139 principium
1322 2065 1661 2139 completum,
1706 2062 1813 2121 sed
1841 2070 2061 2121 tantum

99 2153 422 2228 principium
448 2150 730 2227 formale.
792 2151 1136 2211 Subiectum
1176 2169 1322 2211 vero
1365 2170 1568 2211 earum
1612 2162 1671 2210 et
1703 2150 2060 2228 principium

111 2242 451 2317 completum
495 2253 584 2301 est
624 2244 977 2319 compositum
1017 2243 1327 2299 humanum
1342 2286 1359 2311 ,
1417 2242 1495 2301 de
1551 2258 1671 2315 quo
1727 2240 1902 2299 nobis
1943 2240 2060 2297 iam

114 2331 377 2389 nonnulla
418 2341 554 2389 sunt
596 2331 971 2406 inquirenda.

912 2509 1131 2568 CAPUT
1172 2526 1234 2567 11.

118 2636 215 2692 DE
248 2637 593 2695 NATURA
632 2635 1082 2695 COMPOSITI
1120 2634 1464 2693 HUMANI
1495 2634 1657 2691 VEL
1685 2630 2057 2691 HOMINIS.

814 2786 1145 2833 ARTICULUS
1185 2796 1222 2833 1.

188 2901 272 2949 DE
304 2899 628 2949 TERMINO
668 2898 959 2949 UNIONIS
1000 2899 1269 2948 CORPUS
1307 2898 1527 2947 INTER
1565 2898 1655 2946 ET
1693 2896 1980 2945 ANIMAM

895 2978 1248 3028 VIGENTIS.

220 3113 416 3163 Thesis
452 3116 495 3162 1.
564 3104 712 3161 Unio
766 3104 1015 3178 corporis
1068 3108 1125 3159 et
1175 3104 1399 3159 animae
1452 3101 1754 3159 rationalis
1808 3106 1891 3155 cst
1929 3099 2060 3155 unio

126 3192 487 3251 substantialis.

228 3404 241 3433 ¹
278 3406 607 3459 Cfoercier
642 3404 675 3452 1.
716 3420 761 3453 c.
