2367 3850
319 223 415 275 154
739 221 1246 262 ANTHROPOLOGIA.
1312 225 1448 262 PARS
1490 226 1870 264 SYNTHETICA.

430 389 482 443 3.
514 371 621 428 Ex
636 371 893 444 funestis
919 375 1272 430 consectariis·
1291 376 1594 431 sententiae
1619 377 1918 451 oppositae.
1962 375 2311 434 «Doctrina

308 459 423 531 illa,
462 478 616 535 quae
645 469 735 519 est
763 462 1039 520 columen
1068 472 1127 520 et
1152 463 1589 521 firmamentum
1618 463 1987 536 moralitatis,
2025 464 2310 536 iustitiae,
2360 503 2361 508 κ

306 548 533 607 virtutis
552 595 565 619 ‚
629 549 931 625 dignitatis
989 551 1286 610 humanae
1345 550 1408 608 in
1461 551 1581 610 vita
1640 563 1762 610 tam
1818 553 2065 628 privata
2129 572 2312 629 quam

306 637 529 709 sociali,
576 657 696 714 qua
735 658 879 698 vero
922 640 1152 698 sublata
1193 640 1537 715 aperiuntur
1564 651 1774 716 portae
1805 643 2101 702 colluviei
2147 644 2314 701 vitio-

308 746 437 785 rum
467 747 538 785 ac
580 729 889 799 scelerum,
934 746 1060 786 non
1103 739 1299 803 potest
1341 747 1465 787 non
1494 747 1624 788 esse
1665 749 1822 789 vera.
1885 732 2088 806 Atqui
2119 733 2316 790 huius·
2360 783 2361 786 ,

306 815 471 874 modi
509 827 599 874 est
624 816 857 888 veritaS,
901 817 979 876 de
1007 835 1126 892 qua
1154 817 1362 893 agitur.
1435 819 1676 877 Sublata
1704 819 1866 877 enim
1895 822 2017 878 hac
2049 820 2310 878 veritate

306 899 362 978 a)
406 905 455 962 is
498 905 721 980 optime
764 905 971 981 generi
1012 908 1276 964 humano
1319 910 1673 980 consuleret,
1733 908 1835 982 qui
1880 928 1956 967 ex
2005 911 2309 968 societate

305 994 461 1052 civili
504 995 729 1054 faceret
771 995 1130 1070 saginarium
1172 996 1330 1055 bene
1385 996 1711 1055 institutum
1753 999 2100 1056 secundum
2149 1018 2306 1057 com-

304 1083 486 1141 moda
513 1083 669 1142 vitae
700 1083 1002 1156 animalis3
1046 1079 1107 1157 b)
1141 1085 1326 1143 homo
1370 1086 1561 1143 bonus
1589 1088 1684 1144 vel
1713 1087 1904 1144 malus
1934 1087 2307 1145 iudicandus

306 1183 459 1230 esset
515 1173 842 1231 secundum
876 1189 1174 1231 ‘normam
1217 1173 1507 1244 eandem,
1565 1193 1684 1249 qua
1725 1175 2029 1234 iudicatur
2087 1179 2306 1245 belua3

304 1272 483 1336 atque
512 1261 560 1320 is
589 1263 772 1320 homo
802 1273 955 1321 esset
984 1263 1260 1337 optimus,
1291 1263 1394 1339 qui
1423 1265 1648 1338 optime
1668 1275 2024 1339 sequeretur
2048 1267 2303 1324 ductum

304 1352 481 1409 solius
537 1361 783 1410 naturae
832 1351 1179 1426 sensitivae3
1236 1346 1292 1427 c)
1336 1371 1456 1410 una
1493 1372 1636 1412 vera
1689 1354 2086 1430 philosophia
2147 1367 2303 1414 esset

304 1439 683 1515 philosophia
725 1441 1076 1515 pessimismi
1120 1451 1179 1499 et
1221 1441 1708 1517 desperationis.»
1741 1445 1757 1476 ¹

422 1591 628 1640 Thesis
668 1592 761 1640 111.
835 1581 1051 1640 Anima
1091 1584 1345 1640 humana
1375 1590 1510 1658 post
1545 1587 1957 1659 separationem
1991 1605 2034 1642 a
2063 1595 2299 1662 corpore

302 1677 579 1745 superstes
618 1673 679 1728 in
708 1678 1043 1746 perpetuum
1086 1674 1248 1730 vivet.

424 1812 616 1860 Status
673 1813 1041 1873 quaestionis.
1129 1805 1199 1860 In
1242 1804 1392 1862 thesi
1448 1804 1564 1862 hac
1619 1806 1696 1862 de
1751 1805 1822 1864 iis
1876 1816 2117 1863 tantum
2176 1807 2295 1864 an‘i·

302 1891 511 1949 mabus
553 1891 833 1964 dicimus,
892 1910 1047 1967 quae
1088 1903 1338 1968 propter
1377 1893 1559 1951 vitam
1615 1893 1864 1953 honeste
1921 1905 1980 1955 et
2037 1894 2146 1971 pie
2207 1895 2294 1952 his

299 1979 362 2036 in
404 1980 571 2039 terris
612 1980 935 2039 institutam
977 1983 1158 2041 finem
1201 2000 1369 2040 suum
1410 1982 1678 2041 ultimum
1712 1986 1806 2042 vel
1846 1983 2290 2043 beatitudinem

302 2069 625 2144 adepturae
682 2080 832 2129 sunt.
920 2072 1132 2129 Utrum
1191 2071 1349 2128 enim
1408 2070 1534 2129 fieri
1590 2072 1805 2146 possit,
1863 2084 1927 2130 ut
1980 2074 2292 2147 quaedam

302 2282 552 2346 Pourquoi
590 2282 959 2331 cet.universel
998 2282 1179 2331 besoin
1220 2282 1289 2331 du
1325 2283 1560 2332 bonheur
1595 2288 1679 2349 qui
1718 2294 2002 2334 tourmente
2045 2300 2142 2333 nos
2171 2302 2294 2349 pau·

300 2379 413 2411 vres
452 2378 645 2421 coeurs,
687 2362 730 2410 si
770 2362 819 2409 la
852 2363 933 2411 vie
969 2362 1206 2410 humaine
1244 2378 1298 2411 se
1337 2364 1549 2412 termine
1588 2381 1650 2412 au
1690 2366 1958 2413 tombeau?
2036 2363 2210 2413 Entre
2247 2366 2294 2413 la

300 2443 557 2491 naissance
596 2451 644 2490 et
681 2442 731 2490 la
768 2450 912 2500 mort,
952 2458 1260 2491 avons-nous
1297 2444 1376 2491 ete
1415 2443 1730 2508 quelquefois
1756 2444 2031 2493 satisfaits?
2086 2444 2286 2493 Helas!
2360 2452 2361 2467 ¹

300 2522 373 2571 les
411 2522 607 2586 plaisirs
645 2522 943 2586 ephemeres
982 2523 1046 2570 de
1086 2538 1143 2571 ce
1168 2523 1354 2571 monde
1381 2521 1522 2570 n’ont
1546 2524 1636 2571 fait
1663 2526 1760 2587 que
1789 2533 2012 2588 tromper
2038 2524 2090 2571 la
2115 2524 2295 2572 divine
2360 2512 2361 2515 Ἴ

300 2602 545 2667 langueur
580 2603 645 2650 de
682 2618 775 2650 nos
812 2605 966 2663 ames,
1008 2602 1082 2651 les
1116 2602 1246 2665 joies
1283 2602 1446 2651 meme
1485 2604 1549 2652 de
1586 2603 1636 2651 la
1673 2605 1830 2653 verite
1867 2613 1918 2653 et
1957 2605 2021 2652 de
2063 2604 2113 2651 la
2139 2616 2292 2653 vertu

299 2690 389 2730 ont
426 2682 506 2730 ete
530 2691 910 2731 ·constamment
948 2682 1204 2731 troublees
1247 2698 1339 2746 par
1365 2684 1428 2731 de
1454 2684 1628 2732 basses
1652 2684 1936 2749 exigenceS,
1977 2685 2292 2733 assombries

299 2778 391 2826 par
428 2761 787 2811 d'incessantes
826 2762 1252 2811 contradictions!
1316 2762 1477 2811 Notre
1516 2772 1692 2812 nature
1727 2773 1805 2813 est
1842 2765 1966 2813 ainsi
2006 2766 2288 2829 organisee

298 2841 483 2906 qu’elle
520 2852 651 2902 veut,
694 2841 879 2907 qu'elle
918 2844 1096 2907 espere
1136 2842 1565 2892 necessairement
1599 2844 1649 2892 le
1685 2846 1787 2893 vrai
1827 2861 1946 2893 sans
1983 2845 2164 2893 ombre
2184 2882 2197 2903 ,
2243 2847 2290 2894 le

298 2923 417 2970 bien
456 2939 571 2972 sans
609 2924 871 2987 melange,
924 2922 972 2971 le
1009 2939 1158 2987 repos
1197 2922 1322 2971 actis
1353 2924 1416 2970 de
1455 2932 1618 2971 toutes
1655 2940 1735 2971 ses
1787 2925 2001 2973 facultes
2051 2925 2186 2972 dans
2239 2926 2290 2973 la

298 3004 431 3067 paix,
472 3012 521 3051 et
558 3002 663 3051 l’on
699 3011 818 3052 veut
856 3018 953 3067 que
979 3003 1111 3051 Dieu
1150 3004 1199 3050 la
1231 3002 1355 3066 jette
1393 3002 1859 3065 impitoyablement
1899 3006 2028 3051 dans
2065 3004 2118 3051 la
2155 3006 2286 3063 nuit,

297 3083 345 3129 le
383 3082 525 3143 vide,
578 3084 626 3130 le
666 3083 818 3131 neant
855 3083 1061 3131 eternel.
1139 3081 1278 3130 C’est
1315 3091 1512 3143 atroce,
1551 3090 1602 3131 et
1638 3098 1731 3146 par
1768 3084 2114 3145 consequent,
2155 3084 2286 3132 c’est

297 3162 601 3224 incroyable,
642 3179 727 3211 car
764 3163 813 3211 le
850 3178 1036 3227 propre
1076 3164 1139 3210 de
1176 3162 1226 3209 la
1258 3162 1438 3226 justice
1478 3162 1661 3223 divine,
1701 3163 1774 3211 dit
1813 3163 1862 3211 S.
1903 3163 2162 3224 Thomas,
2203 3176 2281 3213 est

298 3240 595 3291 d'accorder
632 3240 661 3289 ὲ
698 3244 893 3307 chaque
931 3242 1036 3291 etre
1075 3258 1133 3291 ce
1186 3242 1271 3306 qui
1324 3243 1556 3291 convient
1609 3239 1638 3291 ὲ
1689 3259 1744 3291 sa
1791 3252 1998 3291 nature»
2039 3240 2278 3306 (Mousa-

296 3318 384 3368 bre'
414 3322 447 3368 1.
488 3318 577 3381 c.).

425 3396 443 3425 ¹
478 3398 627 3446 Pescla
666 3400 697 3446 l.
740 3417 782 3447 c.
822 3400 912 3457 III,
953 3411 1075 3457 491.
