2367 3850
1434 11 1451 30 z
1492 13 1513 24 -·
1538 13 1561 28 ν’
1592 11 1743 29 ”nl-v
1770 11 1929 34 τιν-ἴτ’*
1949 11 2301 41 'quan-“U‘-

246 217 347 278 362
824 227 1059 266 ETHICA.
1118 228 1256 266 PARS
1295 227 1593 264 srsscrAms.

706 398 741 467 ξ
781 415 829 453 2.
888 404 975 453 De
1012 403 1282 452 tribunali
1320 401 1750 452 internationali.

364 522 735 584 Universalis
764 525 865 582 illa
892 525 970 583 de
1000 543 1119 600 qua
1146 543 1326 602 supra
1353 524 1604 584 diximus
1631 525 1944 586 nationum
1973 523 2250 585 societas

242 612 475 672 interim
535 614 735 672 idealis
787 623 1015 673 tantum
1073 624 1162 673 est
1219 624 1401 690 atque
1457 633 1568 690 pro
1622 625 1896 690 tempore
1952 614 2246 689 proxime

244 703 439 760 futuro
483 701 579 760 vix
620 702 848 777 sperari
889 713 1102 778 potest.
1191 703 1416 762 Gravia
1470 703 1631 764 enim
1684 705 1749 762 in
1795 703 2110 780 praesenti
2155 702 2248 760 in-

245 790 452 850 cidunt
515 792 852 864 obstacula,
922 810 1077 867 quae
1140 794 1462 852 maximam
1522 802 1754 869 partem
1813 791 2089 850 oriuntur
2163 809 2246 850 ex

244 879 507 956 gentium
546 881 816 956 egoismo
855 891 1033 957 atque
1075 900 1149 940 ex
1192 881 1352 940 falsis
1396 892 1456 940 et
1495 882 1650 940 inter
1691 898 1753 940 se
1795 880 2053 939 inimicis
2099 880 2243 940 reli-

244 969 537 1046 gionibus.
629 969 845 1045 Neque
904 981 1105 1029 tamen
1160 970 1355 1030 minus
1414 980 1751 1046 opportuna
1809 971 1998 1029 evasit
2053 969 2244 1028 huius

244 1059 589 1118 universalis
632 1059 897 1134 gentium
925 1059 1086 1132 uni0,
1130 1061 1316 1118 immo
1354 1059 1417 1117 in
1453 1059 1582 1118 dies
1610 1058 1825 1118 crescit
1852 1057 1978 1118 eius
2005 1077 2242 1134 urgens

245 1147 585 1208 necessitas,
645 1150 791 1207 Sunt
820 1147 981 1207 enim
1009 1150 1129 1208 hoc
1155 1159 1431 1224 tempore
1457 1150 1641 1207 multa
1680 1159 1738 1208 et
1765 1146 1968 1224 gravia
1997 1148 2240 1206 cunctis

244 1238 369 1296 fere
412 1237 690 1312 gentibus
732 1239 954 1296 damna
1007 1239 1251 1314 publica
1307 1239 1664 1309 communia,
1722 1255 1876 1312 quae
1930 1255 2056 1295 non
2116 1235 2240 1296 nisi

244 1325 461 1385 artiore
503 1328 618 1384 hac
658 1328 925 1402 gentium
966 1328 1188 1386 unione
1231 1327 1401 1386 vitari
1455 1345 1632 1403 posse
1672 1325 1962 1385 videntur.
2049 1325 2235 1398 Quae

243 1417 399 1473 mala
422 1416 500 1475 ad
520 1415 661 1474 illud
692 1417 1040 1492 praesertim
1069 1417 1448 1490 reducuntur,
1480 1415 1646 1492 quod
1674 1416 1781 1474 sub
1808 1416 2232 1473 «militarismi»

243 1505 487 1563 nomine
549 1507 677 1563 Leo
732 1507 879 1564 XIII
939 1506 1029 1564 his
1088 1507 1287 1564 verbis
1347 1505 1686 1564 denuntiat:
1764 1505 1958 1564 «Ante
2019 1504 2232 1562 oculos

241 1594 531 1652 habemus
560 1596 842 1670 Europae
871 1605 1161 1671 tempora.
1226 1596 1446 1653 Multos
1481 1593 1603 1652 iam
1631 1612 1824 1652 annos
1859 1594 1991 1669 plus
2018 1592 2227 1669 specie

243 1681 302 1740 in
374 1701 525 1758 pace
593 1683 805 1742 vivitur
874 1703 1054 1760 quam
1122 1703 1206 1742 re.
1315 1683 1718 1743 Insidentibus
1784 1681 2225 1759 suspicionibus

244 1771 474 1844 mutuis,
528 1772 796 1848 singulae
854 1774 979 1833 fere
1035 1784 1245 1849 gentes
1301 1783 1556 1850 pergunt
1611 1773 1880 1832 certatim
1929 1771 2222 1830 instruere

243 1879 373 1919 sese
438 1872 725 1937 apparatu
789 1861 1025 1922 bellico,
1123 1863 1470 1939 Improvida
1529 1860 1998 1921 adolescentium
2059 1871 2222 1918 aetas

243 1952 454 2025 procul
482 1962 796 2026 parentum
823 1953 1074 2012 consilio
1102 1953 1566 2029 magisterioque
1594 1952 1658 2010 in
1686 1951 1950 2027 pericula
1971 1949 2222 2011 traditur

241 2039 396 2098 vitae
437 2039 733 2099 militaris:
784 2041 1145 2101 validissima
1199 2044 1389 2118 pubes
1431 2042 1508 2100 ab
1551 2060 1829 2117 agrorum
1872 2040 2125 2111 cultura,
2185 2060 2222 2097 a

243 2128 446 2187 studiis
488 2130 727 2205 optimis
744 2177 757 2203 ,
819 2151 854 2188 a
910 2131 1282 2203 mercaturiS,
1342 2132 1417 2190 ab
1461 2130 1719 2189 artificiis
1774 2129 1853 2188 ad
1903 2148 2069 2188 arma
2107 2139 2224 2187 tra·

242 2217 490 2276 ducitur.
554 2218 721 2277 Hinc
752 2221 1035 2283 exhausta
1070 2220 1302 2296 magnis
1338 2219 1667 2296 sumptibus
1703 2220 1949 2291 aeraria,
1987 2218 2220 2277 attritae

243 2307 551 2365 caritatum
608 2326 771 2383 opes,
831 2310 1050 2368 afflicta
1104 2310 1341 2369 fortuna
1394 2308 1789 2385 privatorum:
1847 2309 2086 2383 iamque
2147 2326 2222 2366 ea

242 2414 397 2471 quae
457 2416 618 2455 nunc
679 2408 768 2456 est
833 2399 1013 2458 veluti
1073 2400 1384 2475 procincta
1443 2418 1560 2475 pax
1617 2397 1832 2457 diutius
1899 2396 2039 2455 ferri
2093 2415 2220 2455 non

241 2493 453 2559 potest.
513 2486 716 2545 Civilis
743 2488 1051 2547 hominum
1082 2486 1519 2548 coniunctionis
1545 2488 1807 2547 talemne
1845 2504 1974 2545 esse
2009 2496 2224 2545 natura

241 2574 527 2633 statum?»
551 2576 568 2609 ²

362 2672 536 2746 Quae
593 2690 727 2731 curn
786 2673 868 2731 ita
921 2674 1053 2747 sint,
1113 2693 1236 2733 non
1293 2674 1469 2750 pauci
1525 2685 1661 2733 sunt
1707 2666 1818 2732 viri
1868 2673 2050 2745 docti,
2096 2671 2218 2747 qui,

241 2760 494 2833 interim,
546 2762 623 2821 ad
665 2762 909 2821 vitanda
949 2772 1113 2822 tanta
1164 2765 1321 2823 mala
1378 2762 1858 2823 constituendum
1911 2780 2038 2821 esse
2082 2779 2222 2821 cen-

242 2860 409 2908 seant
449 2852 710 2909 tribunal
744 2854 1209 2925 internatz'onale,
1253 2854 1330 2911 ad
1373 2854 1538 2929 quod
1577 2853 1876 2929 pertineat
1915 2852 1980 2909 in
2019 2849 2222 2909 litibus

239 2940 393 2997 inter
421 2940 684 3000 diversas
714 2952 923 3017 gentes
951 2944 1170 3002 exortis
1200 2942 1402 3002 arbitri
1429 2952 1628 3019 partes
1657 2941 1978 3015 suscipere.
2036 2939 2222 2999 Cuius

241 3029 547 3088 tribunalis
574 3049 833 3105 praeseS,
867 3032 1372 3091 consentientibus
1400 3033 1496 3090 vel
1533 3031 1676 3107 ipsis
1705 3028 2050 3088 acatholicis
2091 3048 2220 3088 non

242 3119 462 3193 pauciS,
496 3130 647 3179 esset
674 3118 937 3178 Summus
958 3120 1250 3197 Pontzjfex.
1301 3120 1405 3179 «Si
1427 3138 1664 3179 auream
1693 3124 1932 3178 aetatem
1957 3119 2223 3177 reducere

368 3325 385 3355 ¹
420 3328 495 3373 Ex
532 3330 636 3375 eius
679 3329 943 3393 «Epistola
992 3330 1266 3394 apostolica
1317 3332 1385 3381 ad
1434 3332 1689 3396 principes
1739 3328 2065 3395 populosque
2119 3331 2226 3378 uni-

242 3418 444 3450 versos»
489 3406 603 3452 data
641 3407 721 3454 die
761 3420 828 3455 20
867 3410 997 3455 Iunii
1041 3410 1188 3472 1894.
