2367 3850
159 11 380 87 τ

365 203 446 239 DE
488 204 634 241 IDEA
675 205 810 242 SIVE
853 207 930 242 DE
973 206 1237 244 SIMPLICI
1280 207 1785 246 APPREHENSIONE.
2028 195 2101 256 63

31 347 410 421 intellectuS,
470 353 962 428 praerequiritur
1005 354 1364 412 exercitium
1416 361 1701 413 sensuum
1742 354 1871 412 sive
1916 365 2109 412 exter·

31 455 268 496 norum
318 459 446 498 sive
491 453 900 501 internorum.

157 536 580 612 Experientia
623 539 795 596 enim
834 550 1080 598 constat
1108 558 1227 598 nos
1256 539 1429 598 ideas
1458 550 1695 598 nostras
1724 540 1901 598 aliter
1930 539 2111 597 nobis

27 626 378 686 efformare
420 645 556 685 non
600 647 790 703 posse
832 628 950 686 nisi
994 628 1409 688 condiciones
1451 627 1937 687 determinantes
1982 629 2115 684 abs-

27 713 353 774 trahendo
397 735 436 773 a
486 718 952 792 cognitionibus
997 718 1280 777 sensibus
1320 718 1645 793 perceptis.
1706 717 1900 790 Quod
1928 715 2117 773 mani-

31 803 188 862 feste
239 817 512 880 apparet
553 805 620 863 in
667 825 765 878 eo,
813 807 923 882 qui
969 826 1152 866 sensu
1199 808 1475 883 quodam
1506 816 1689 864 caret.
1750 805 1923 863 Talis
1951 803 2117 861 enim

29 893 232 952 homo
266 894 625 954 destituitur
656 915 785 954 non
819 897 1020 955 solum
1051 895 1415 972 cognitione
1446 894 1733 954 sensitiva
1752 893 1898 951 huic
1918 890 2119 950 sensui

31 983 326 1058 propria,
387 985 501 1043 sed
546 985 738 1043 etiarn
785 986 1145 1060 cognitione
1191 985 1445 1043 rationis
1487 983 1849 1041 universalis
1892 979 2121 1038 obiecti

31 1071 212 1130 huius
259 1092 500 1132 sensus.
593 1074 700 1133 Sic
747 1075 854 1150 qui
901 1093 1124 1134 caecus
1167 1084 1349 1132 natus
1394 1083 1516 1143 est,
1575 1090 1704 1130 non
1750 1071 1951 1129 solum
1995 1086 2119 1126 non

36 1163 377 1236 cognoscit
409 1165 600 1222 talem
634 1165 918 1222 colorem
948 1163 1357 1233 individuum,
1404 1162 1516 1221 sed
1546 1161 1731 1220 etiam
1760 1156 2122 1232 cognitione

37 1251 302 1310 rationis
348 1251 718 1311 universalis
764 1253 1011 1323 coloriS,
1061 1252 1425 1326 quidditatis
1469 1249 1713 1318 coloris,
1760 1245 2123 1305 destituitur.

164 1350 365 1408 Unde
394 1351 482 1422 fit,
527 1361 594 1408 ut
623 1360 754 1408 tuta
785 1360 848 1408 et
879 1350 1093 1421 facilis,
1140 1360 1357 1424 utpote
1389 1346 1699 1415 naturaliS,
1732 1341 2125 1402 institutionis

39 1437 298 1512 puerilis
329 1439 668 1515 disciplina
697 1457 775 1497 ea
806 1439 938 1498 sola
968 1438 1060 1508 sit,
1101 1456 1225 1513 qua
1256 1437 1337 1494 ad
1366 1435 1653 1493 veritates
1684 1429 2125 1490 intellectuales

45 1537 103 1583 et
145 1529 425 1587 morales
469 1528 882 1586 inculcandas
926 1527 1353 1586 indesinenter
1397 1522 1769 1582 adhibentur
1810 1535 2126 1593 compara-

43 1617 244 1674 tiones
290 1635 372 1675 ex
417 1618 604 1676 rebus
649 1617 1047 1676 sensibilibus
1093 1625 1154 1674 et
1210 1611 1707 1688 frequentissime
1762 1615 2125 1682 usurpantur

51 1707 410 1779 parabolae,
461 1707 730 1778 fabulae,
779 1707 1086 1781 exempla.

173 1850 454 1909 Assertio
511 1852 642 1910 III.
696 1884 769 1891 —-
823 1852 1161 1908 Intellectus
1219 1868 1336 1906 non
1394 1845 1679 1916 intellegit
1732 1842 1849 1900 nisi
1900 1854 2124 1896 conver-

58 1942 221 1999 tendo
261 1960 328 1999 se
370 1943 463 1999 ad
482 1942 964 2017 phantasmata:
1011 1940 1078 1999 id
1121 1949 1232 2010 est,
1282 1937 1348 1995 in
1394 1934 1705 2012 praesenti
1748 1931 1905 1988 vitae
1952 1936 2123 1995 statu,

54 2031 284 2088 nullam
329 2031 544 2089 ideam
591 2031 712 2089 sibi
739 2032 1032 2089 efformat
1075 2028 1444 2095 intellectuS‚
1489 2021 1610 2080 nisi
1640 2017 2125 2111 concomitanter

62 2120 115 2175 ei
157 2121 492 2195 phantasia
537 2122 843 2196 praebeat
886 2120 1339 2196 phantasmata,
1400 2114 1467 2170 in
1512 2109 1732 2185 quibus
1779 2106 1910 2182 ipse
1956 2119 2121 2175 quaffl

59 2208 345 2285 inspiciat
391 2228 560 2284 quae
605 2210 976 2284 intellegere
1022 2218 1299 2265 conatur.

176 2299 432 2359 Etenim
463 2298 767 2374 «quilibet
786 2298 850 2355 in
876 2315 942 2357 se
964 2297 1102 2372 ipso
1123 2291 1391 2370 experiri
1414 2297 1637 2365 potest,
1666 2284 1849 2359 quod,
1874 2276 2120 2355 quando

67 2387 276 2461 aliquis
310 2398 581 2446 conatur
612 2386 852 2463 aliquid
883 2385 1267 2459 intellegere,
1310 2382 1536 2438 format
1565 2375 1680 2432 sibi
1708 2372 1911 2446 aliqua
1939 2366 2123 2465 phan-

71 2486 318 2537 tasmata
379 2495 499 2553 per
557 2476 818 2535 modum
878 2473 1338 2548 exemplorum,
1404 2468 1468 2525 in
1532 2463 1749 2539 quibus
1778 2474 1980 2559 ’quasi
2038 2471 2122 2509 1n-

73 2566 276 2639 spiciat
323 2567 505 2642 quod
549 2565 919 2640 intellegere
965 2561 1186 2621 studet.
1260 2561 1340 2617 Et
1384 2554 1531 2613 inde
1576 2560 1667 2610 est
1713 2557 1893 2606 etiam
1934 2540 2115 2616 quod,

73 2656 314 2727 quando
359 2654 642 2730 aliquem
685 2655 972 2711 volumus
1017 2651 1228 2708 facere
1272 2642 1505 2720 aliquid
1548 2638 1932 2710 intellegere,
1984 2646 2116 2703 pro-

71 2744 346 2816 ponimus
391 2742 454 2801 ei
498 2743 808 2817 exempla,
856 2759 932 2800 ex
978 2740 1201 2814 quibus
1244 2735 1359 2794 sibi
1403 2732 1836 2821 phantasmata·
1854 2722 2113 2815 formare

72 2833 248 2905 possit
305 2834 390 2892 ad
437 2830 989 2907 intellegendum.»
1081 2825 1253 2884 Hinc
1297 2820 1482 2881 etiam
1526 2818 1621 2886 fit,
1674 2824 1737 2871 ut
1786 2804 2110 2907 «imped1to

77 2931 198 2981 actu
224 2921 470 2981 virtutis
499 2920 942 2996 imaginativae
974 2934 1087 2993 per
1114 2912 1454 2972 laesionem
1484 2903 1715 3000 organi,
1757 2908 1820 2957 ut
1850 2915 1917 2994 m·
1942 2894 2111 2991 phre-

75 3012 305 3081 neticis‚
367 3020 432 3069 et
477 3010 760 3069 similiter
817 3005 1122 3082 impedito
1175 3011 1315 3059 actu
1374 3001 1805 3054 memoratlvae
1860 2990 2103 3079 Virtutis,

80 3109 134 3156 ut
179 3101 240 3158 in
299 3098 693 3175 lethargiciS,
759 3094 1138 3172 impediatur
1192 3091 1383 3147 homo
1440 3084 1518 3140 ab
1576 3070 1987 3177 intellegendo
2042 3086 2103 3124 m

81 3200 198 3247 actu
241 3190 432 3248 etiam
480 3207 576 3259 ea,
625 3204 888 3262 quorum
935 3180 1259 3242 scientiam
1303 3177 1723 3251 praeacceplt»
1756 3165 1786 3220 ¹.

193 3382 206 3413 ¹
247 3386 300 3433 S.
353 3384 554 3442 Thom„
597 3382 649 3431 S.
692 3381 854 3429 theol.
898 3380 940 3438 I,
984 3394 1036 3439 q.
1078 3375 1164 3432 84,
1208 3387 1252 3419 a·
1298 3378 1345 3427 7·
