2367 3850
258 231 361 282 342
860 230 1093 272 ETHICA.
1152 231 1292 269 PARS
1333 231 1637 270 SPECIALIS.

374 379 706 438 Auctoritas
744 381 1003 456 proinde
1044 379 1160 453 illa,
1205 381 1364 440 iuxta
1405 381 1587 456 ipsos,
1629 381 1944 438 immediate
1967 381 2086 440 soli
2108 398 2256 438 com·

255 472 523 528 munitati
560 490 599 528 a
640 470 773 529 Deo
811 471 1104 540 tribuitur,
1161 479 1222 530 et
1276 469 1339 528 in
1393 470 1523 546 ipsa
1576 469 1847 546 primitus
1899 471 2131 530 residet
2188 479 2258 527 ut

254 560 318 618 in
360 559 625 619 subiecto
669 578 777 619 suo
820 559 1163 636 originario.
1235 561 1394 618 Nam
1427 577 1536 619 «ex
1567 560 1626 618 vi
1669 559 1914 620 rationis
1951 559 2254 618 naturalis

254 651 417 708 nulla
456 659 654 725 potest
696 649 1023 725 excogitari
1065 648 1249 722 ratic,
1308 668 1416 708 cur
1453 649 1607 708 haec
1647 658 1910 726 potestas
1961 647 2256 708 determi-

254 747 427 797 netur
466 737 547 796 ad
587 757 768 798 unam
808 756 1133 815 personam
1172 739 1269 798 vel
1323 739 1402 798 ad
1457 749 1689 797 certum
1741 756 2053 797 numerum
2113 755 2256 814 per-

256 845 535 886 sonarum
575 828 734 888 infra
762 838 952 888 totam
980 829 1472 888 communitatem
1499 829 1690 904 magis
1720 845 1900 904 quam
1927 827 2006 886 ad
2033 826 2250 886 alium

255 917 419 992 Ergo
461 936 535 976 ex
575 917 633 976 vi
673 919 958 978 naturalis
1000 917 1408 978 concessionis
1449 918 1640 1026 solum
1683 927 1772 977 est
1799 915 2204 976 immediate
2184 935 2251 973 m

260 1006 741 1066 communitate.»
777 1009 795 1042 ¹

379 1096 729 1156 Generatim
770 1106 970 1158 autem
1011 1099 1163 1157 haec
1207 1107 1468 1174 potestas
1507 1097 1572 1154 in
1626 1095 2050 1155 communitate
2117 1103 2254 1153 tota

254 1203 379 1244 non
420 1195 639 1260 manet,
682 1187 790 1246 sed
833 1205 944 1262 per
984 1205 1346 1247 consensum
1385 1187 1483 1246 vel
1524 1185 1702 1245 aliam
1745 1204 1984 1248 causam
2020 1186 2247 1244 iustam

256 1274 317 1332 in
360 1275 539 1334 alium
579 1276 945 1336 transfertur.
1034 1276 1350 1352 «Sequitur
1391 1294 1537 1352 ergo
1579 1285 1935 1351 potestatem
1978 1274 2245 1344 civilem,

257 1363 491 1438 quoties
531 1364 595 1423 in
636 1384 758 1425 uno
799 1365 1046 1426 homine
1100 1367 1198 1425 vel
1252 1365 1526 1442 principe
1581 1365 1905 1441 reperitur,
1967 1363 2244 1440 legitimo

256 1473 329 1512 ac
371 1454 676 1514 ordinario
717 1455 843 1514 iure
886 1476 923 1514 a
963 1457 1191 1532 populo
1234 1466 1295 1515 et
1335 1454 1762 1514 communitate
1802 1472 2098 1525 manasse,
2144 1453 2246 1511 vel

254 1545 525 1619 proxime
560 1546 657 1604 vel
683 1553 932 1617 remote,
975 1562 1092 1604 nec
1120 1562 1298 1622 posse
1325 1545 1494 1603 aliter
1521 1544 1750 1617 haberi,
1793 1553 1856 1602 ut
1883 1544 2033 1604 iusta
2061 1543 2194 1602 sit.»
2219 1541 2246 1575 ²

374 1635 448 1692 II.
494 1635 720 1694 Eorum
760 1635 982 1692 theoria
1022 1637 1403 1693 examinatur.

383 1743 430 1781 1.
474 1725 761 1782 Veterum
805 1724 1296 1784 scholasticorum
1337 1723 1632 1783 sententia
1673 1721 1994 1799 plurimum
2034 1721 2241 1780 differt

253 1813 330 1870 ab
376 1830 479 1880 ea,
543 1832 722 1889 quam
766 1816 1077 1873 Rousseau
1119 1813 1339 1890 aliique
1382 1813 1460 1872 de
1501 1813 1716 1872 eadem
1759 1830 1824 1870 re
1865 1820 2236 1887 proponunt.

372 1896 431 1976 a)
474 1902 823 1963 Scholastici
868 1904 1031 1964 enim
1072 1904 1297 1963 docent
1335 1901 1680 1965 societatem
1722 1921 1759 1961 a
1811 1909 2027 1959 natura
2079 1908 2146 1959 ut
2201 1918 2238 1957 a

252 2009 431 2049 causa
471 1993 724 2051 naturali
764 1996 1132 2070 procederet,
1174 1995 1484 2053 Rousseau
1499 2001 1727 2064 autem,
1747 1990 1754 1994 ’
1771 1990 2072 2050 civitatem
2109 2008 2237 2048 non

252 2098 403 2155 opus
444 2092 709 2154 naturae,
754 2083 863 2143 sed
903 2084 1079 2142 unice
1121 2083 1282 2160 pacti
1324 2082 1495 2142 liberi
1538 2100 1668 2141 esse
1709 2079 2037 2139 contendit.

372 2165 434 2244 b)
480 2172 789 2232 Rousseau
831 2174 1244 2232 auctoritatem
1274 2170 1661 2231 essentialiter
1689 2179 1749 2229 et
1776 2168 2236 2227 inalienabiliter

253 2277 287 2315 a
318 2261 546 2334 populo
575 2261 868 2335 possideri
895 2262 1060 2331 dicit,
1104 2262 1185 2321 ita
1212 2271 1276 2320 ut
1303 2263 1557 2337 populus
1583 2277 1911 2335 numquam
1937 2267 2237 2335 potestate

252 2366 533 2424 suprema
585 2351 805 2427 privari
859 2352 1077 2428 possit3
1132 2350 1472 2411 scholastici
1510 2369 1655 2409 vero
1697 2358 1903 2407 tenent
1943 2349 2235 2425 populum

250 2456 427 2511 posse
470 2457 534 2498 se
579 2439 773 2516 ipsum
817 2441 1173 2500 auctoritate
1209 2460 1315 2499 sua
1354 2440 1590 2515 privare
1633 2456 1887 2514 eamque
1928 2437 1993 2495 in
2053 2436 2236 2495 alium

247 2528 593 2600 transferre,
641 2529 757 2587 alia
800 2530 1111 2589 eiusmodi.

372 2638 425 2675 2.
491 2618 699 2693 Qualis
756 2639 792 2677 a
822 2620 1109 2679 'Suaresio
1150 2620 1538 2695 proponitur,
1602 2619 1762 2677 haec
1818 2616 2118 2675 sententia
2177 2616 2235 2673 in

256 2707 424 2765 omni
466 2726 607 2767 casu
650 2728 792 2767 vera
833 2727 963 2767 esse
1004 2728 1130 2768 non
1173 2709 1422 2768 videtur.
1508 2706 1779 2767 Etenim:

368 2791 423 2871 a)
474 2797 765 2870 Orzgrinem
806 2800 1017 2857 vinculi
1053 2799 1284 2856 iuridici
1318 2798 1474 2873 quod
1517 2798 1749 2865 attinet,
1807 2813 1936 2853 non
1991 2793 2231 2853 videtur

252 2885 574 2945 universim
601 2887 1005 2947 necessarium
1036 2906 1163 2947 esse
1194 2898 1434 2963 pactum
1463 2886 1542 2961 ad
1569 2885 1712 2944 illud
1733 2883 2232 2943 constituendum.

252 2978 343 3033 Ex
384 2976 640 3034 naturali
683 2976 843 3035 enim
890 2976 1147 3035 familiae
1192 2976 1541 3035 extensione
1581 2972 1791 3033 haberi
1846 2982 2047 3048 potest
2107 2971 2234 3031 sine

252 3066 374 3123 ullo
435 3075 615 3141 pacto
679 3066 977 3141 quaedam
1035 3066 1346 3124 hominum
1407 3063 1696 3124 stabiliter
1763 3060 2235 3121 cohabitantium

253 3154 585 3224 multitudO,
629 3166 692 3214 ut
732 3156 1103 3233 temporibus
1146 3154 1619 3230 patriarcharum
1660 3151 1835 3211 facile
1863 3150 1994 3212 fieri
2024 3151 2231 3229 potuit.

379 3340 397 3371 ¹
436 3345 638 3403 Smrez,
678 3346 794 3393 Des.
835 3346 918 3394 fid.
958 3346 989 3393 l.
1031 3348 1120 3406 ΙΙΙ,
1160 3361 1205 3394 c.
1248 3358 1295 3406 2,
1339 3362 1388 3395 n.
1433 3356 1478 3406 7.

378 3418 399 3448 ²
437 3422 639 3478 Suarez,
678 3422 759 3470 De
796 3424 895 3487 leg.
936 3424 969 3472 l.
1009 3425 1099 3483 ΙΙΙ,
1142 3441 1183 3473 c.
1226 3438 1274 3484 4,
1315 3442 1364 3474 n.
1408 3437 1456 3474 2.
