2367 3850
26 0 671 53 *W“‘''·‘
693 0 734 25 ’Τ
751 0 766 2 “

485 211 565 246 DE
606 211 1082 247 SPIRITUALITATE
1120 210 1350 248 ANIMAE
1390 211 1698 248 HUMANAE.
1985 211 2082 260 103

116 369 305 437 tarum.
385 359 554 418 Sicut
594 377 745 434 ergo
780 359 1137 435 superficieS,
1182 377 1338 434 quae
1379 359 1562 418 habet
1602 361 1852 435 figuram
1882 369 2080 435 penta·

114 468 341 524 gonam,
386 467 517 508 non
559 466 672 525 per
711 449 890 506 aliam
930 451 1178 524 figuram
1225 459 1313 508 est
1341 460 1654 524 tetragona
1681 459 1741 508 et
1768 468 1880 525 per
1906 449 2084 510 aliam

116 549 468 614 pentagona,
515 539 655 612 quia
696 539 1085 614 superflueret
1124 541 1314 614 figura
1354 547 1697 614 tetragona,
1743 557 1816 598 ex
1857 556 1980 613 quo
2021 540 2084 596 in

115 639 451 702 pentagona
494 625 867 702 continetur3
908 629 989 686 ita
1018 646 1133 686 nec
1172 645 1283 703 per
1311 628 1488 686 aliam
1517 628 1778 686 animam
1810 629 2084 687 Socrates

116 727 199 775 est
218 719 423 789 homo,
455 728 516 775 et
544 735 655 793 per
680 717 857 774 aliam
888 717 1127 788 animal,
1160 717 1266 776 sed
1294 735 1404 793 per
1430 736 1612 776 unam
1643 727 1703 776 et
1731 717 2043 776 eandem.»
2069 719 2086 752 ¹

228 837 279 874 2.
326 816 545 891 Neque
588 816 784 874 obstat
812 817 962 874 ratio
999 817 1317 890 desumpta
1357 832 1429 874 ex
1471 815 1871 892 oppositione,
1931 833 2087 889 quae

116 905 259 963 inter
300 905 570 964 diversas
610 904 866 963 hominis
911 905 1292 981 operationes
1333 922 1462 963 esse
1491 915 1706 981 potest.
1767 904 2086 981 Oppositio

116 995 267 1052 enim
321 995 477 1052 inter
535 994 916 1070 operationes
957 1012 1084 1052 non
1132 994 1470 1052 necessario
1527 993 1808 1071 supponit
1849 993 2087 1053 diversi-

116 1095 288 1141 tatem
329 1086 659 1142 animarum
673 1106 694 1155 ,·
749 1082 888 1142 satis
929 1083 1088 1142 enim
1134 1083 1476 1159 explicatur,
1535 1083 1582 1141 si
1623 1084 1686 1142 in
1727 1103 1848 1142 una
1889 1083 2088 1144 anima

119 1173 435 1231 admittitur
474 1171 785 1232 diversitas
813 1172 1169 1247 facultatum
1210 1174 1305 1231 vel
1347 1173 1526 1230 etiam
1565 1173 1628 1230 in
1663 1191 1783 1231 una
1811 1173 2087 1231 facultate

119 1262 421 1321 diversitas
477 1263 869 1322 obiectorum.
953 1264 1155 1322 Potest
1211 1262 1372 1322 enim
1415 1281 1543 1322 esse
1599 1265 1773 1321 lucta-
1811 1263 1967 1321 inter
2007 1262 2088 1320 in-

120 1352 413 1410 tellectum
456 1363 516 1410 et
556 1354 937 1422 voluntatem,
982 1353 1167 1410 immo
1211 1352 1273 1409 in
1316 1352 1445 1427 ipsa
1471 1353 1775 1411 voluntate
1815 1363 1874 1410 ut
1903 1361 2090 1413 tracta

118 1440 224 1498 huc
265 1451 326 1499 et
351 1452 417 1499 ut
444 1451 637 1500 tracta
663 1443 818 1500 illue.
890 1442 1087 1500 Nemo
1129 1452 1331 1500 tamen
1375 1450 1624 1517 propter
1665 1441 1929 1500 diversas
1959 1441 2088 1499 illas

119 1530 296 1588 luctas
340 1540 620 1606 quattuor
659 1532 753 1589 vel
809 1548 913 1590 sex
952 1542 1141 1606 ponet
1182 1531 1244 1588 in
1285 1529 1530 1589 homine
1573 1530 1820 1589 animas,
1905 1529 2087 1590 Unde

122 1618 195 1676 de
236 1618 395 1678 facili
438 1619 517 1677 ad
559 1620 895 1696 propositas
935 1621 1312 1679 difficultates
1354 1618 1708 1696 responderi
1750 1629 1966 1694 potest.

237 1770 568 1833 Responsio
606 1771 678 1820 ad
716 1771 901 1820 dubia.
982 1762 1082 1820 Ad
1132 1782 1178 1819 1.
1267 1760 1327 1819 Si
1377 1763 1580 1819 anima
1633 1772 1720 1820 est
1759 1779 1907 1832 una,
1963 1778 2089 1818 non

123 1851 457 1908 necessario
500 1851 792 1927 sequitur,
848 1861 913 1908 ut
953 1851 1027 1908 sit
1066 1850 1130 1909 in
1173 1850 1452 1932 omnibus
1509 1849 1776 1927 corporis
1826 1849 2090 1927 partibus

122 1940 310 2013 quoad
338 1942 580 1998 virtutes
620 1941 742 2000 eius
772 1958 997 1999 omnes,
1082 1944 1174 1999 Ex
1208 1959 1284 1999 eo
1315 1952 1530 2011 autem,
1576 1941 1740 2015 quod
1771 1940 1834 1998 in
1863 1940 2091 1999 ossibus

123 2039 408 2104 apparent
463 2040 690 2087 tantum
734 2030 1114 2105 operationes
1160 2028 1530 2105 vegetativae
1550 2076 1563 2100 ,
1629 2029 1909 2087 concludi
1964 2047 2090 2087 non

122 2129 314 2193 potest
368 2118 627 2176 animam
684 2118 1035 2177 rationalem
1094 2121 1190 2177 vel
1247 2118 1586 2177 sensitivam
1641 2118 1724 2176 ibi
1779 2137 1903 2177 non
1961 2135 2089 2176 esse

122 2209 313 2281 quoad
343 2208 730 2266 substantiam.

239 2303 340 2361 Ad
388 2326 439 2363 2.
536 2306 716 2363 Ratio
770 2305 897 2363 illa.
924 2304 1224 2363 sufficiens
1278 2304 1416 2363 satis
1459 2304 1822 2377 declaratur,
1886 2304 1934 2362 si
1993 2304 2094 2362 ad-

125 2392 381 2451 mittatur
434 2394 694 2453 animam
756 2395 1109 2453 rationalem
1169 2394 1494 2453 virtualiter
1555 2394 1867 2453 continere
1928 2394 2093 2468 quid-

128 2481 267 2555 quid
309 2483 623 2541 continent
665 2482 892 2541 formae
934 2483 1264 2541 inferiores,

244 2580 341 2637 Ad
384 2599 437 2654 3.
524 2580 675 2638 Satis
717 2599 1070 2657 responsum
1111 2589 1202 2639 est
1243 2581 1304 2638 in
1345 2580 1473 2657 ipsa
1509 2581 1688 2639 thesis
1717 2578 2090 2655 probatione,

129 2685 236 2742 per
288 2668 727 2728 distinctionem
784 2668 939 2728 inter
994 2672 1214 2728 luctam
1269 2680 1574 2729 externam
1634 2681 1693 2728 et
1751 2672 1968 2728 luctam
2012 2669 2094 2725 in-

131 2765 370 2816 ternam.

895 2875 1227 2924 ARTICULUS
1268 2887 1329 2923 11.

387 2988 484 3035 DE
524 2964 1109 3038 SPIRITUALITATE
1147 2990 1424 3038 ANIMAE
1463 2990 1830 3039 HUMANAE.

254 3116 339 3173 Ex
378 3116 446 3175 iis
488 3135 637 3193 quas
678 3136 855 3193 supra
884 3112 964 3194 (p.
998 3122 1071 3195 96
1102 3130 1161 3177 et
1192 3114 1290 3195 97)
1334 3120 1638 3177 statuimus
1677 3117 2096 3178 assertionibus

140 3212 198 3258 et
236 3222 305 3261 ex
344 3204 614 3264 doctrina
656 3207 929 3282 proximo
972 3209 1220 3266 articulo
1254 3208 1557 3266 declarata
1585 3208 1703 3265 iam
1735 3207 1948 3266 scimus
1978 3207 2097 3264 ani-

267 3396 281 3427 ¹
316 3400 365 3450 S.
410 3400 595 3462 Thena,
638 3402 689 3451 S.
731 3402 887 3451 theol.
923 3404 961 3462 Ι,
1002 3404 1174 3467 q.‘76,
1215 3420 1259 3452 a.
1302 3416 1350 3465 3.
