2367 3850
293 209 393 261 274
871 205 1102 248 mmm.
1167 205 1306 246 PARS
1346 203 1683 246 GENERALtS.

289 358 626 418 necessario
665 367 838 433 turpe
899 375 1058 438 esse,
1120 358 1502 416 veracitatem
1542 351 1689 436 vero
1744 355 2087 427 honestam,
2142 354 2249 413 alia

289 447 606 518 eiusmodi,
649 447 799 505 sicut
841 465 965 505 rem
1010 465 1188 520 supra
1231 442 1311 522 (p.
1350 466 1460 503 110
1490 440 1602 520 sq.)
1645 443 1767 502 iam
1810 445 2249 504 declaravimus,

287 539 438 596 Item
480 535 801 594 discrimen
843 534 986 594 illud
1030 553 1242 594 omnes
1278 535 1491 594 eadem
1521 533 1875 592 certitudine
1905 533 1994 591 his
2018 532 2255 591 actioni-

286 626 396 684 bus
451 635 570 683 tam
626 627 985 683 intrinsecum
1039 632 1096 682 et
1131 625 1421 682 essentiale
1462 641 1590 682 esse
1632 621 1898 681 iudicant
1913 669 1927 693 ‚
1985 632 2049 680 ut
2102 624 2254 680 nulla

287 733 568 789 umquam
612 713 840 773 ratione
885 723 1146 784 externa,
1190 714 1354 772 nullo
1391 723 1665 789 respectu
1707 711 2011 770 commodi
2040 713 2136 770 vel
2176 711 2253 767 in-

288 802 622 872 commodi,
684 803 845 860 nulla
884 803 979 861 vel
1039 811 1378 878 temporum
1432 803 1524 860 vel
1586 803 1859 860 locorum
1913 800 2247 870 variatione,

287 893 448 950 nulla
474 909 776 966 umquam,
818 909 896 949 ne
933 891 1136 948 divina
1163 890 1426 965 quidem,
1470 891 1772 948 voluntate
1800 888 2097 947 immutari
2132 907 2253 964 pos-

288 980 420 1038 sint.
507 981 683 1038 Clare
725 981 887 1038 enim
926 979 1133 1038 vident
1173 997 1227 1038 e.
1270 999 1327 1055 g.
1384 979 1667 1056 pietatem
1723 979 1926 1037 colere
1980 996 2125 1054 erga
2162 997 2249 1052 pa-

287 1079 485 1128 rentes
525 1087 852 1144 numquam
882 1068 1176 1143 incepisse
1221 1087 1350 1127 esse
1378 1070 1621 1138 bonum,
1664 1086 1783 1126 nec
1807 1085 2097 1143 umquam
2134 1065 2250 1124 fieri

286 1176 463 1232 posse
505 1159 756 1229 malum,
805 1158 914 1216 sed
957 1175 1086 1216 esse
1127 1168 1376 1216 aeterno
1418 1167 1479 1215 et
1518 1157 1962 1215 immutabiliter
2002 1156 2247 1224 bonum3
2332 1169 2334 1176 ·

288 1247 427 1304 item
488 1257 766 1322 parentes
808 1246 950 1305 odio
1005 1247 1231 1305 habere
1274 1263 1399 1304 non
1460 1263 1589 1304 esse
1646 1261 1718 1303 ex
1772 1263 1838 1304 se
1893 1243 2244 1312 indifferens
2332 1263 2334 1272 ²

289 1344 350 1393 ut
390 1336 463 1392 sit
502 1336 728 1393 bonum
769 1337 862 1393 vel
921 1336 1172 1408 malurn,
1230 1335 1340 1394 sed
1394 1333 1733 1393 necessario
1790 1351 1919 1392 esse
1977 1335 2187 1390 malum
2214 1333 2240 1388 ¹.
2332 1339 2334 1388 ἶ

292 1425 541 1498 «Neque
584 1423 835 1500 impedit
851 1468 865 1494 ,
924 1424 1090 1498 quod
1129 1424 1406 1482 homines
1448 1423 1631 1498 aliqui
1671 1422 1788 1481 sint
1804 1468 1816 1492 ,
1877 1421 1978 1497 qui
2020 1432 2245 1481 externe
2333 1429 2334 1502 j

287 1512 648 1571 contrarium
706 1515 1090 1588 profitentur3
1147 1532 1284 1570 cum
1339 1513 1400 1570 id
1454 1531 1582 1570 non
1637 1511 1860 1570 iudicio
1902 1528 2045 1571 vere
2098 1510 2248 1568 intel·

286 1601 522 1660 lectuali
539 1647 552 1673 ,
609 1602 716 1660 sed
757 1602 1074 1661 voluntatis
1114 1603 1313 1677 potius
1356 1602 1601 1660 arbitrio
1642 1611 1703 1659 et
1759 1599 1930 1675 quasi
1970 1601 2245 1658 violenter

287 1690 537 1761 faciant,
600 1689 712 1748 sibi
766 1689 906 1765 ipsis
947 1689 1229 1750 videlicet
1270 1691 1331 1749 id
1393 1689 1756 1765 persuasuri,
1820 1689 1869 1747 si
1913 1707 2036 1765 quo
2078 1688 2245 1746 modo

287 1790 551 1853 possent.
637 1779 916 1838 Ceterum
975 1779 1269 1854 quidquid
1320 1779 1413 1837 isti
1454 1779 1779 1838 subiective
1822 1780 2109 1848 sentiunt,
2155 1777 2239 1834 de·

287 1868 521 1927 trahere
583 1867 665 1926 nil
726 1877 973 1942 possunt
1032 1867 1278 1927 humani
1337 1867 1573 1944 generis
1614 1867 2018 1943 persuasioni,
2080 1884 2241 1942 quam

288 1976 670 2016 communem
714 1957 891 2016 fuisse
935 1968 995 2016 et
1035 1976 1164 2016 esse
1209 1957 1475 2016 omnium
1518 1958 1877 2033 populorum
1922 1977 1996 2015 ac
2038 1968 2239 2031 tempo·

288 2065 449 2118 rum,
511 2064 635 2104 non
679 2046 872 2105 minus
913 2046 1160 2105 historia
1216 2065 1397 2122 quam
1440 2046 1831 2122 psychologia
1870 2056 2141 2115 testatur,
2193 2053 2241 2100 et

289 2153 468 2209 quam
509 2136 744 2210 gentilis
786 2153 1028 2210 quoque
1070 2134 1452 2212 philosophia
1492 2136 1713 2211 passim
1755 2136 2092 2211 supponit.»
2119 2134 2139 2167 ²

410 2225 531 2282 Sed
571 2225 723 2282 haec
765 2220 892 2281 tarn
941 2224 1319 2296 universaliS,
1376 2235 1499 2283 tam
1543 2234 1853 2296 constanS,
1912 2234 2036 2282 tam
2080 2220 2239 2280 invin-

287 2312 476 2371 cibilis
504 2312 808 2388 persuasio
837 2314 1005 2371 aliter
1033 2312 1318 2389 explicari
1345 2313 1697 2388 sufficienter
1734 2331 1861 2370 non
1899 2324 2109 2388 potest,
2144 2308 2237 2367 nisi

288 2402 627 2459 admittatur
669 2401 903 2459 fundari
944 2402 1006 2459 in
1048 2402 1179 2477 ipso
1216 2404 1362 2459 vocis
1390 2410 1635 2459 naturae
1662 2401 2008 2472 dictamine,
2052 2403 2110 2460 in
2137 2415 2238 2473 quo

288 2490 508 2555 falsitas
550 2508 678 2548 esse
720 2509 845 2548 non
887 2500 1084 2565 potest
1106 2492 1144 2549 ⁸.

413 2600 463 2638 2.
508 2580 614 2637 Ex
641 2586 855 2637 natura
890 2581 1015 2656 ipsa
1055 2580 1417 2656 quarundam
1458 2581 1751 2637 actionum.
1809 2578 2237 2639 Admittendum
2330 2588 2332 2647 ζ

289 2679 377 2726 est
418 2670 683 2728 actiones
725 2687 856 2727 esse
898 2669 1218 2728 intrinsece
1274 2670 1464 2727 bonas
1507 2670 1567 2727 et
1620 2668 1887 2727 actiones
1943 2669 2237 2727 intrinsece
2330 2664 2332 2673 ⁴

289 2758 493 2829 malas,
541 2758 586 2816 si
617 2768 750 2817 sunt
777 2758 1075 2833 quaedam
1105 2760 1391 2831 actioneS,
1424 2777 1579 2834 quae
1608 2760 1668 2815 in
1696 2760 1819 2834 ipsa
1847 2778 1955 2815 sna
1983 2755 2235 2815 tendentia

288 2848 467 2904 libera
509 2847 586 2905 ad
629 2846 932 2906 obiectum
975 2849 1122 2905 tales
1165 2855 1317 2918 sunt,
1376 2858 1440 2905 ut
1469 2857 1583 2924 per
1620 2866 1695 2916 se,
1739 2846 2137 2905 abstrahendo
2172 2843 2235 2900 ab

290 2937 454 2994 omni
496 2938 628 3012 lege
665 2936 917 3013 positiva
944 2937 1040 2995 vel
1068 2938 1371 2995 voluntate
1402 2937 1836 3012 qualicumque,
1882 2953 2009 2993 non
2038 2932 2233 3011 possint

288 3043 413 3083 non
457 3025 630 3100 dirigi
669 3026 732 3082 in
773 3026 997 3083 bonum
1040 3026 1148 3083 toti
1210 3035 1456 3083 naturae
1510 3025 1807 3084 humanae
1864 3023 2235 3091 conveniens3

290 3123 350 3170 et
390 3114 436 3171 si
480 3124 612 3171 sunt
653 3114 951 3187 actioneS‚
1016 3133 1172 3190 quae
1215 3114 1278 3172 in
1334 3114 1463 3190 ipsa
1506 3114 1607 3171 illa
1663 3112 1973 3173 tendentia
2016 3109 2228 3171 omnino

419 3304 432 3333 ¹
475 3305 554 3352 Cf.
596 3321 747 3367 supra
783 3323 834 3369 p.
882 3320 972 3355 111
1018 3315 1069 3357 et
1115 3310 1229 3368 184.
1380 3307 1402 3339 ²
1438 3310 1615 3373 Meyer
1648 3309 1681 3359 l.
1722 3325 1765 3358 c.
1805 3325 1856 3373 p.
1907 3321 2020 3358 110.

415 3379 433 3409 ⁸
470 3382 546 3427 Cf.
586 3382 683 3428 vol.
723 3384 761 3440 Ι,
809 3385 904 3431 166
943 3396 993 3434 et
1038 3388 1153 3447 167.
