2367 3850
315 8 330 11 -
365 8 388 11 -
413 6 508 15 '-*-
525 7 528 9 *
551 4 642 15 “““Ὓ““
666 4 672 7 ”
763 5 780 20 ·“
877 3 887 14 1

413 220 495 255 DE
535 220 676 257 IDEA
717 219 842 256 SIVE
883 221 961 256 DE
1001 219 1250 256 SIMPLICI
1292 220 1783 258 APPREHENSIONE.
2024 217 2088 271 57

916 406 1132 454 LIBER
1179 405 1280 456 111.

197 524 340 584 DE
392 523 758 587 HOMINE
807 524 934 588 UT
979 525 1150 589 EST
1197 525 1371 589 ENS
1418 523 1983 589 RATIONALE.

941 686 1162 744 CAPUT
1206 702 1243 744 1.

253 808 957 867 OBSERVATIONES
1001 808 1638 869 INSTITUUNTUR
1680 809 1938 867 CIRCA

75 896 698 955 OPERATIONES
742 898 996 955 VITAE
1041 897 1553 957 RATIONALIS
1596 897 1683 955 IN
1736 897 2092 956 HOMINE.

940 1046 1174 1104 Sssc‘rxo
1218 1063 1256 1106 1.

391 1168 714 1216 OBSERVA
724 1169 803 1216 TI
801 1168 998 1217 ONES
1037 1169 1247 1218 CIRCA
1288 1171 1330 1218 C
1332 1170 1523 1219 OGNI
1526 1171 1576 1218 T
1566 1170 1829 1219 JONEM

775 1248 1425 1300 JNTELLECTJVAM.

223 1371 476 1428 Praeter
519 1369 928 1446 cognitionem
971 1371 1313 1431 sensitivam
1368 1372 1708 1432 scholastici
1750 1373 1812 1430 in
1854 1371 2099 1430 homine

92 1467 412 1535 reponunt
454 1459 868 1534 cognitionem
909 1462 1319 1520 intellectivam.
1380 1462 1582 1535 Quam
1610 1461 1855 1536 quidem
1899 1459 2097 1536 cogni-

91 1548 334 1607 tionem
377 1567 416 1606 a
457 1547 740 1607 sensitiva
793 1549 876 1608 ita
916 1550 1201 1626 distingui
1258 1552 1509 1622 docent,
1561 1560 1625 1607 ut
1664 1550 1811 1610 alius
1852 1549 2097 1625 eiusque

95 1637 430 1713 superioris
460 1637 533 1696 sit
561 1638 788 1714 speciei
831 1649 890 1698 et
927 1639 1185 1715 proinde
1230 1641 1307 1698 ab
1336 1639 1453 1698 alia
1481 1640 1773 1715 procedat
1801 1639 2097 1710 facultate,

97 1746 259 1801 quae
305 1727 526 1785 dicitur
551 1727 878 1787 intellectus,
951 1729 1134 1788 Cuius
1176 1729 1265 1788 rei
1305 1729 1522 1788 veritas
1564 1747 1638 1787 ex
1678 1727 2098 1788 observatione

101 1817 268 1874 circa
313 1815 582 1875 diversas
625 1817 959 1877 intellectus
1002 1819 1387 1895 operationes
1430 1817 1692 1877 instituta
1731 1817 1976 1894 patebit.

228 1916 358 1973 Iam
399 1933 550 1973 vero
593 1934 668 1974 ex
709 1914 1029 1975 dialectica
1057 1915 1276 1975 scimus
1303 1926 1423 1974 tres
1450 1914 1781 1990 generatim
1818 1913 2099 1990 distingui

110 2005 324 2063 mentis
353 2005 762 2080 operationeS,
796 2006 1105 2064 nimirum:
1147 2005 1303 2077 idea,
1332 2004 1634 2075 iudicium,
1664 2002 2039 2062 ratiocinium
2064 2006 2097 2061 ¹.

117 2094 207 2151 De
262 2094 478 2169 quibus
535 2095 817 2153 omnibus
869 2095 1130 2171 proinde
1183 2094 1283 2152 hic
1340 2103 1429 2152 est
1484 2093 1813 2167 agendum,
1872 2110 1997 2149 non
2038 2101 2101 2150 ut

119 2194 337 2241 rectum
401 2202 610 2243 earum
666 2201 836 2243 usum
893 2202 1331 2259 cognoscamus
1354 2228 1368 2255 ,
1432 2182 1596 2256 quod
1651 2192 1742 2241 est
1800 2182 2101 2240 obiectum

123 2271 360 2332 formale
404 2273 661 2349 logicae,
711 2272 822 2332 sed
862 2284 926 2331 ut
967 2291 1173 2332 earum
1217 2282 1491 2330 naturam
1533 2270 1961 2347 perspiciamus
1980 2270 2017 2327 ².

902 2461 1239 2508 Ani-muros
1280 2471 1315 2507 1.

281 2552 593 2624 DE‘IDEA
633 2574 929 2644 slvEDE
969 2574 1273 2625 SIMPLICI
1312 2570 1919 2621 APPREHENSIONE.

727 2710 762 2778 ἓ
808 2728 851 2765 1.
918 2717 1006 2763 De
1047 2714 1276 2763 obiecto
1317 2712 1493 2761 ideae.

239 2836 442 2895 Ideam
498 2836 561 2894 in
607 2836 928 2896 dialectica
975 2834 1354 2893 definivimus
1396 2843 1459 2891 ut
1501 2834 1601 2890 sit:
1658 2830 1895 2906 simplex
1947 2828 2099 2903 quid-

132 2924 309 2983 ditatis
360 2927 602 2984 alicuius
656 2926 747 2983 rei
797 2926 1247 3001 repraesentatio
1301 2924 1363 2979 in
1418 2921 1694 2979 intellectu
1717 2920 1755 2977 ⁸.
1845 2917 1943 2974 Ad
2000 2916 2101 2974 ob-

135 3012 334 3073 iectum
385 3033 533 3074 vero
590 3014 766 3074 ideae
825 3014 1070 3090 proprie
1128 3012 1327 3071 dictae
1384 3009 1758 3069 attendentes
1807 3007 1957 3064 haec
2000 3005 2099 3062 ob-

139 3120 352 3162 servare
394 3122 728 3180 possumus.

253 3310 268 3341 ¹
303 3315 378 3365 Cf.
415 3316 516 3364 vol.
557 3316 596 3375 I,
645 3328 726 3377 13.
879 3313 899 3344 ²
939 3315 1018 3376 Cf.
1059 3313 1159 3362 vol.
1200 3313 1240 3372 I,
1282 3325 1329 3373 9,
1372 3311 1490 3359 item
1530 3321 1680 3369 supra
1716 3322 1763 3369 p.
1807 3317 1852 3353 2.

253 3390 272 3421 ³
307 3394 379 3443 Cf.
419 3396 520 3446 vol.
561 3396 602 3455 1,
652 3404 734 3455 17.
