2367 3850
206 241 230 280 d

1528 13 1571 16 ”“
1590 13 1659 20 ’““
1724 13 1781 26 ““·’
1811 13 1818 23 “
1834 11 2251 47 '-‘.⁷s*'‘¹F‘-=3'U⁷—'

272 189 377 250 3²8
874 199 1106 236 z‘rch.
1172 199 1310 235 PARS
1350 199 1656 236 suemus.

278 347 403 419 fuit,
446 365 573 406 non
616 345 969 423 concipitur,
1015 347 1325 422 quomodo
1367 345 1548 423 primi
1587 347 1866 408 homines
1905 348 1993 406 ius
2033 349 2268 408 habue-

274 438 391 495 rint
431 446 705 512 posteros
746 435 1075 512 obligandi.

396 544 450 600 3.
496 525 558 582 Si
600 534 782 601 pacto
820 523 1015 584 libero
1056 525 1331 584 homines
1371 525 1460 584 ius
1501 525 1883 602 proprietatis
1925 525 2267 586 constituis-

271 626 405 675 sent
419 661 435 687 ,
496 614 690 674 libero
744 616 863 674 hoc
917 615 1007 674 ius
1062 615 1274 674 iterum
1327 625 1512 691 pacto
1565 624 1814 691 possent
1854 616 2151 691 abrogare
2199 625 2264 674 et

276 704 659 764 introducere
703 703 1232 763 communismum:
1279 705 1446 780 quod
1484 715 1796 782 repugnat.

392 839 499 895 ΠΙ.
564 837 669 895 Ius
697 837 1075 914 proprietatis
1114 839 1273 896 unice
1313 839 1494 914 repeti
1529 855 1644 896 non
1672 844 1866 913 potest
1902 856 1976 896 ex
2013 840 2142 896 iure
2185 838 2279 894 ad

257 927 525 1002 fructum
565 927 792 984 laboris.

400 1067 447 1104 1.
498 1045 870 1104 «Dominium
898 1045 1230 1122 fundorum
1273 1055 1433 1104 certe
1474 1063 1602 1104 non
1644 1056 1844 1121 potest
1883 1045 2061 1106 unice
2101 1045 2266 1127 deri·

269 1136 395 1193 vari
453 1153 526 1194 ex
585 1134 711 1194 iure
772 1136 852 1194 ad
912 1135 1168 1193 fructum
1225 1134 1468 1194 laboris.
1553 1134 1708 1193 Nam
1772 1135 1964 1194 solum
2023 1135 2264 1196 homini

269 1226 453 1283 multa
513 1224 835 1282 commoda
895 1234 956 1283 et
1010 1225 1417 1284 emolumenta
1471 1224 1672 1296 affert,
1736 1241 1892 1300 quae
1950 1245 1987 1283 a
2043 1227 2263 1284 labore

268 1331 510 1390 prorsus
552 1323 687 1372 sunt
726 1312 1212 1389 independentia.
1297 1313 1440 1386 Quo
1493 1313 1621 1372 iure
1679 1331 1826 1390 ergo
1881 1324 2082 1389 potest
2121 1314 2264 1390 quis

268 1403 332 1461 in
372 1413 727 1479 perpetuum
783 1401 930 1462 alios
990 1404 1068 1462 ab
1127 1420 1237 1461 usu
1295 1401 1540 1462 alicuius
1601 1402 1730 1478 agri
1789 1404 2111 1464 excludere
2130 1451 2143 1476 ,
2209 1404 2262 1463 si

267 1493 450 1551 etiam
490 1491 574 1550 illi
618 1490 680 1550 in
722 1492 984 1551 eundem
1014 1511 1265 1568 operam
1291 1492 1648 1568 impendere
1674 1494 1883 1551 volunt
1923 1494 2005 1552 ad
2033 1495 2263 1552 fructus

272 1581 641 1658 capiendos?
696 1582 899 1640 Potest
939 1581 1185 1657 quidem
1227 1582 1584 1658 responderi
1612 1582 2078 1658 proprietarium
2107 1603 2262 1642 sem-

273 1690 382 1747 per
423 1689 643 1729 novum
698 1670 969 1730 laborem
1026 1669 1380 1747 impendere
1421 1671 1485 1728 in
1545 1689 1772 1747 agrum.
1857 1672 1980 1731 Sed
2033 1673 2158 1732 hoc
2201 1672 2261 1731 ei

268 1771 495 1819 tantum
536 1761 625 1819 ius
681 1759 900 1831 tribuit,
956 1770 1020 1819 ut
1073 1762 1176 1818 fiat
1229 1759 1561 1835 indemnis3
1619 1770 1681 1818 at
1721 1778 1843 1836 quo
1885 1760 2015 1820 iure
2055 1771 2260 1838 potest

268 1849 415 1908 alios
469 1849 533 1907 in
589 1859 944 1926 perpetuum
984 1848 1279 1926 impedire
1295 1895 1310 1920 ‚
1377 1848 1696 1924 quominus
1751 1849 1930 1908 etiam
1971 1850 2058 1908 illi
2104 1869 2258 1928 agro

272 1940 547 1999 utantur?

392 2050 443 2087 2.
495 2029 728 2087 «Etiam
759 2029 962 2105 quoad
989 2046 1081 2087 res
1119 2030 1344 2087 mobiles
1384 2028 1474 2087 ius
1515 2029 1594 2087 ad
1628 2030 1880 2089 fructum
1910 2030 2140 2089 laboris
2167 2031 2256 2090 sui

266 2118 475 2193 nequit
515 2136 644 2177 esse
686 2119 893 2178 unicus
935 2128 995 2177 et
1034 2118 1271 2177 ultimus
1326 2118 1523 2177 titulus
1578 2118 1974 2195 proprietatis
2061 2120 2166 2179 Sic
2209 2122 2258 2179 si

269 2207 400 2283 quis
443 2207 680 2266 fortuito
723 2207 950 2267 invenit
978 2207 1360 2266 adamantem
1400 2208 1495 2265 vel
1524 2224 1751 2280 aurum,
1795 2207 1844 2267 si
1885 2209 2015 2268 sine
2044 2210 2258 2270 labore

270 2297 430 2372 cepit
487 2296 707 2355 animal
766 2296 1030 2356 silvestre
1049 2342 1062 2367 ‚
1126 2296 1321 2355 statim
1382 2316 1419 2354 a
1476 2295 1672 2373 primo
1728 2308 2038 2357 momento
2099 2300 2256 2359 haec

268 2387 429 2445 bona
469 2386 770 2461 pertinent
810 2386 889 2444 ad
930 2405 1084 2458 eum,
1128 2403 1329 2462 neque
1357 2396 1560 2445 tamen
1602 2397 1738 2445 sunt
1765 2387 1987 2446 fructus
2029 2388 2256 2447 laboris

268 2474 386 2546 sui,
442 2475 553 2533 nisi
594 2476 740 2534 velis
783 2493 1009 2534 meram
1051 2476 1512 2551 occupationem
1564 2475 1838 2535 laborem
1877 2496 2140 2552 vocare3
2195 2489 2257 2537 et

268 2575 408 2622 tunc
447 2565 687 2623 ulterius
731 2583 956 2640 quaero
973 2578 1011 2636 ,'
1046 2584 1153 2623 cur
1193 2566 1324 2623 talis
1363 2565 1538 2623 labor
1593 2564 1846 2625 sufficiat
1885 2566 1964 2624 ad
2005 2566 2256 2642 gignen-

268 2654 411 2712 dum
453 2654 540 2711 ius
581 2654 1015 2729 proprietatis»

1025 2833 1358 2881 ARTICULUS
1398 2844 1482 2881 111.

343 2946 534 2996 VERA
574 2946 789 2995 CIRCA
828 2946 1337 2996 PROPRIETATIS
1377 2946 1736 2996 ORIGINEM
1775 2946 2186 2999 SENTENTIA

1031 3027 1465 3077 STABILITUR.

516 3163 552 3230 ἓ
596 3178 640 3217 1.
700 3169 785 3216 De
825 3168 941 3217 iure
980 3168 1335 3231 proprietatis
1371 3169 1681 3232 generatim
1719 3176 1996 3231 spectato.

386 3299 607 3347 Thesia.
651 3292 756 3347 Ius
781 3292 1111 3365 acquirendi
1121 3294 1551 3368 proprietatem,
1574 3294 1894 3367 generatim
1922 3301 2243 3370 spectatum,

266 3384 350 3433 est
386 3379 669 3437 naturale.
