2367 3850
472 209 551 245 DE
592 207 1069 247 SPIRITUALITATE
1108 205 1334 247 ANIMAE
1373 209 1679 247 HUMANAE.
1967 209 2060 262 105

206 357 327 416 Sed
370 367 586 448 contra
628 369 717 416 est
758 358 910 418 haec
952 379 987 416 a
1029 368 1155 418 tota
1199 360 1416 418 Schola
1460 369 1836 435 propugnata

206 491 434 541 Thesis.
495 482 713 540 Anima
754 483 1006 540 humana
1047 490 1131 541 est
1166 485 1503 559 spiritualis,
1545 484 1648 541 sed
1666 483 2071 559 spiritualitate

94 571 439 646 imperfecta.

208 705 403 752 Status
442 705 816 766 quaestionis.
884 695 1216 772 Spiritualis
1256 694 1473 755 dicitur
1513 695 1855 766 substantia,
1913 713 2069 771 quae

96 784 150 841 in
193 801 302 842 suo
345 785 585 860 operari
626 794 686 844 et
726 784 983 860 proinde
1024 784 1085 842 in
1129 803 1236 844 suo
1281 801 1410 844 esse
1453 795 1542 844 est
1587 784 1940 844 intrinsecus
1988 785 2072 843 in-

98 873 446 948 dependens
488 893 525 932 a
565 874 815 932 materia
842 875 875 932 ¹.

209 964 319 1021 Est
358 963 619 1038 proinde
661 963 888 1040 aliquid
930 966 1263 1022 intrinsecus
1303 966 1395 1023 vel
1437 964 1726 1022 subiective
1785 961 2072 1039 indepen-

100 1052 241 1110 dens
285 1072 321 1110 a
362 1053 645 1124 materia,
695 1053 743 1112 si
785 1053 979 1130 ipsum
1022 1052 1264 1129 operari
1305 1063 1364 1111 et
1403 1053 1598 1128 ipsum
1639 1069 1770 1111 esse
1812 1051 1944 1126 talis
1984 1051 2073 1112 rei

100 1142 153 1198 in
192 1161 299 1198 sua
340 1144 574 1199 entitate
629 1143 978 1200 considerata
1033 1142 1180 1201 nihil
1238 1142 1487 1200 omnino
1544 1141 1623 1201 de
1677 1141 1926 1200 materia
1974 1142 2074 1199 ha-

100 1231 243 1288 bent
258 1275 271 1301 ,
314 1230 396 1288 ita
440 1241 503 1290 ut
544 1250 671 1289 non
714 1233 903 1290 solum
946 1232 1007 1290 in
1048 1251 1154 1290 sua
1194 1233 1433 1290 essentia
1474 1249 1600 1289 non
1643 1230 2076 1289 constituantur

102 1337 175 1376 ex
213 1319 475 1391 materia,
521 1320 628 1378 sed
670 1319 849 1379 etiam
890 1321 952 1378 in
994 1339 1098 1380 sua
1140 1323 1466 1379 exsistentia
1507 1320 1624 1378 sint
1651 1339 1688 1377 a
1715 1319 1963 1378 materia
1990 1318 2074 1377 in-

102 1408 520 1484 dependentia.
581 1411 697 1467 Res
737 1413 882 1468 enim
922 1412 1242 1487 spiritualis
1281 1429 1348 1468 ea
1389 1417 1487 1479 est,
1529 1428 1674 1485 quae
1718 1409 1982 1467 exsistere
2022 1415 2078 1464 et

94 1499 328 1572 proinde
366 1517 541 1572 agere
566 1507 760 1574 potest
794 1501 1226 1577 independenter
1265 1519 1303 1556 a
1344 1500 1587 1557 materia
1606 1499 1642 1556 ².

219 1588 417 1646 Potest
458 1599 663 1646 tamen
704 1589 848 1660 fieri,
902 1599 965 1647 ut
1007 1588 1232 1664 aliquid
1273 1588 1626 1647 intrinsecus
1655 1586 2072 1663 independens

105 1696 137 1733 a
180 1676 421 1734 materia
462 1677 537 1735 sit
576 1679 917 1736 extrinsecus
957 1681 1051 1737 vel
1092 1680 1348 1737 obiectae
1389 1680 1466 1737 ab
1509 1679 1638 1754 ipsa
1699 1674 2071 1753 dependens.

220 1767 449 1824 Dicitur
492 1785 637 1825 vero
677 1768 877 1844 aliqua
903 1768 1231 1826 substantia
1259 1767 1623 1828 extrinsecus
1650 1768 1747 1825 vel
1777 1764 2072 1824 obiective

109 1853 451 1931 dependens
494 1877 532 1914 a
574 1856 835 1930 materia,
882 1857 944 1914 si'
974 1856 1212 1938 operari
1254 1856 1394 1930 eius,
1453 1867 1517 1915 ut
1562 1855 1862 1914 obiectum
1905 1873 2073 1913 suum

108 1946 373 2019 attz‘ngere
414 1948 631 2022 possit,
688 1947 953 2023 indigeat
1008 1946 1258 2007 materia
1273 1995 1286 2019 ‚
1340 1964 1414 2006 eo
1470 1950 1652 2006 sensu
1702 1944 1866 2020 quod
1921 1950 2072 2003 ante-

105 2034 342 2092 cedenter
378 2037 477 2094 vel
512 2039 940 2095 concomitanter
980 2038 1059 2095 ad
1102 2048 1300 2095 actum
1343 2036 1468 2095 eius
1523 2035 1857 2111 requiratur
1910 2051 2072 2093 exer-

106 2122 293 2181 citium
337 2114 563 2184 sensuS.
620 2127 849 2197 Talem,
894 2144 969 2185 ex
1010 2126 1081 2185 iis
1125 2145 1282 2202 quae
1325 2144 1506 2201 supra
1547 2124 1816 2196 diximm,
1855 2122 2074 2182 scimus

112 2228 229 2269 esse
268 2214 737 2289 dependentiam
767 2216 1100 2275 intellectus
1140 2235 1177 2273 a
1207 2215 1492 2285 sensibuS‚
1537 2212 1887 2290 praesertim
1929 2230 2073 2271 vero

114 2318 147 2355 a
189 2303 514 2375 phantasia.
615 2304 1003 2381 Spiritualitas
1057 2304 1316 2382 proinde
1373 2315 1536 2363 recte
1592 2302 1893 2363 definitur:
1941 2310 2074 2378 pro-

100 2391 333 2462 prietas,
390 2394 454 2449 vi
506 2394 659 2451 cuius
699 2395 896 2471 aliqua
950 2413 1042 2452 res
1095 2396 1157 2453 in
1198 2414 1298 2453 suo
1347 2394 1581 2470 operari
1631 2398 1685 2449 et
1723 2393 1787 2449 in
1824 2410 1924 2449 suo
1965 2408 2076 2447 esse

112 2484 189 2533 est
222 2480 556 2539 intrinsecus
596 2484 688 2539 vel
721 2484 1013 2541 subiectiw
1052 2484 1424 2560 independens
1464 2502 1502 2539 a
1543 2483 1800 2539 materia.

114 2670 339 2723 l’activite
378 2676 661 2741 psychique
698 2685 777 2726 est
812 2678 1108 2728 reelrement
1146 2694 1246 2728 une
1284 2680 1443 2727 forme
1479 2677 1804 2743 particuliere
1842 2677 1907 2724 de
1943 2691 2076 2723 mou-

116 2762 312 2813 vement,
367 2770 461 2803 son
516 2757 990 2821 accomplissement
1035 2759 1143 2808 doit
1180 2759 1355 2824 exiger
1391 2774 1458 2807 un
1498 2757 1687 2809 certain
1728 2765 1937 2822 temps.'
1985 2754 2074 2814 Or,

115 2830 431 2897 l’experience
471 2836 734 2887 demontre
773 2854 831 2887 ce
868 2839 957 2887 fait
996 2839 1148 2889 d’une
1186 2841 1337 2901 sagon
1374 2838 1694 2888 irrecusable.
1770 2837 1923 2885 Donc
1960 2834 2076 2884 l’ac-

119 2910 241 2961 tivit6
288 2915 570 2980 psychique
621 2927 697 2967 est
747 2935 846 2968 une
894 2920 1051 2969 forme
1089 2922 1154 2969 de
1205 2926 1540 2969 mouvement.
1570 2956 1581 2967 .
1613 2956 1622 2968 .
1654 2936 1696 2965 .»
1777 2917 1854 2965 Ita
1905 2915 2077 2965 docuit

123 2989 169 3037 in
200 2992 324 3043 libro
360 2996 448 3060 qui
488 2996 805 3047 inscribitur:
853 3001 927 3049 Le
967 3016 1179 3049 cerveau
1219 3009 1268 3049 et
1306 2998 1544 3049 l'activite
1585 2996 1866 3055 cerebrale,
1916 3012 1966 3061 p.
2008 3009 2077 3058 94

126 3078 169 3117 et
207 3084 293 3137 105
323 3092 432 3141 sqq.
474 3104 540 3113 -—
580 3079 869 3127 Alexander
907 3079 1127 3141 Herzeu,
1170 3089 1317 3129 natus
1355 3096 1491 3129 anno
1535 3079 1684 3141 1839,
1725 3076 2077 3143 physiologiae

126 3153 357 3213 professor
392 3156 444 3204 in
482 3158 610 3207 urbe
648 3159 902 3208 Lausonio
938 3160 1145 3211 exstitit.

240 3230 256 3263 ¹
290 3235 362 3285 Cf.
402 3237 620 3287 Mercier
654 3239 687 3287 l.
728 3254 771 3288 c.
814 3256 864 3303 p.
904 3241 1024 3300 461.

238 3308 258 3342 ²
290 3314 471 3366 Confer
506 3318 634 3369 haec
672 3336 785 3369 cum
823 3319 897 3381 iis,
936 3338 1063 3386 quae
1097 3338 1247 3387 supra
1273 3339 1323 3387 p.
1353 3334 1420 3382 94
1451 3322 1583 3369 circa
1609 3317 2076 3368 immaterialitatem

133 3390 204 3437 vel
237 3394 616 3457 spiritualitatem
655 3400 1033 3450 declaravimus.
