2367 3850
6 3439 15 3588 ἓ

6 3620 49 3814 l

636 229 711 264 DE
752 227 1129 268 ARGUMENTIS
1170 230 1608 270 METAPHYSICIS.
2013 231 2108 284 1⁷3

115 377 663 449 argumentationis
691 378 903 450 forma,
944 377 1052 436 sub
1081 379 1303 438 lumine
1320 381 1602 456 principii
1623 388 1802 440 motus
1829 382 1946 440 hoc
1975 383 2112 440 loco

117 464 350 522 deduci
393 477 645 540 possunt
668 466 702 524 ¹.

240 554 418 628 Ergo
474 556 730 614 mundus
784 556 991 614 ultimo
1052 567 1324 616 movetur
1379 574 1416 616 a
1470 557 1662 633 primo
1723 570 1955 619 motore
2010 560 2114 618 im·

116 642 352 700 mobili.
442 642 565 701 Sed
608 645 703 702 ille
751 649 977 720 primus
1034 653 1220 704 motor
1271 647 1567 705 immobilis
1621 655 1706 705 est
1756 671 1862 707 ena
1909 673 1944 706 a
1994 671 2058 708 ae
2073 655 2113 708 ¹.

116 731 249 788 Nisi
293 731 466 790 enim
508 743 664 791 esset
703 751 811 791 ens
855 753 890 791 a
930 753 992 792 se
1010 780 1023 806 ,
1082 734 1119 793 i.
1165 753 1217 794 e.
1263 735 1375 793 nisi
1415 735 1664 796 haberet
1717 737 2110 796 exsistentiam

117 839 291 878 suam
336 821 417 881 ab
460 821 591 897 ipsa
632 823 903 894 essentia,
950 833 1104 882 esset
1145 842 1253 882 ens
1281 824 1359 882 ab
1402 824 1536 883 alio,
1595 825 1716 883 Sed
1757 843 1882 884 non
1919 836 2116 901 potest

118 927 253 966 esse
300 927 413 967 ens
458 910 536 968 ab
579 911 724 968 alio:
783 930 891 970 ens
946 913 1108 970 enim
1164 913 1242 971 ab
1299 913 1415 971 alio
1449 923 1555 972 >est
1609 915 1831 973 mobile
1888 909 2114 990 (transit

118 997 197 1055 de
241 998 522 1074 potentia
564 1000 642 1058 ad
683 995 919 1074 actum).
979 1002 1105 1059 Ens
1146 1011 1344 1060 autem
1387 1021 1422 1060 a
1450 1020 1513 1060 se
1551 1003 1806 1078 primum
1848 1020 2112 1074 movenS,

118 1088 291 1161 quod
334 1107 373 1145 a
416 1088 583 1146 nullo
626 1099 912 1162 movetur,
956 1108 1242 1148 vocamus
1283 1091 1498 1150 Deum.

796 1205 963 1278 Ergo
1004 1205 1171 1263 Deus
1212 1207 1444 1263 exsistit.

458 1369 495 1437 ἓ
534 1386 583 1424 2.
645 1377 1056 1437 Argumentum
1096 1390 1165 1426 ex
1203 1377 1502 1426 efficientia
1540 1391 1722 1426 rerum
1741 1372 1777 1426 ⁸.

242 1496 395 1554 Hoc
456 1506 871 1571 argumentum
927 1497 1112 1556 oritur
1166 1516 1240 1556 ex
1299 1498 1642 1556 notionibus
1697 1497 2114 1574 metaphysicis

122 1603 343 1642 causae
374 1595 438 1643 et
466 1585 731 1644 effectus.
802 1579 1085 1644 Innititur'
1108 1586 1364 1662 proinde
1404 1587 1700 1662 principio
1741 1587 2112 1659 causalitatis,

124 1691 262 1731 cum
310 1684 733 1750 argumentum
775 1675 1047 1750 primum,
1092 1675 1262 1734 latius
1292 1684 1518 1750 patenS,
1562 1676 1777 1734 nitatur
1819 1676 2114 1752 principio

125 1772 327 1821 motus
346 1766 385 1821 ⁴.
476 1763 616 1836 Qua
657 1763 902 1838 quidem
944 1765 1209 1823 secunda
1249 1765 1345 1822 via
1391 1765 1742 1840 assurgimus
1798 1765 1875 1824 ad
1919 1766 2113 1824 Deum

253 1957 273 1989 ¹
312 1960 512 2009 Recole
549 1960 683 2009 hanc
709 1961 1194 2024 argumentationem
1219 1961 1496 2026 ipsamque,
1537 1961 1738 2009 mutatis
1765 1960 2111 2025 conceptibus,

125 2040 321 2089 adhibe
347 2041 417 2088 ad
444 2040 767 2104 probandum
794 2040 1203 2089 conclusionem:
1241 2040 1404 2089 Series
1431 2040 1628 2089 infinita
1652 2048 1896 2090 motorum
1921 2039 2114 2089 admitti

126 2122 323 2185 nequit.
478 2118 501 2150 ²
537 2120 677 2183 Quid
714 2121 776 2169 sit
810 2136 902 2170 ens
940 2136 969 2167 a
1006 2136 1076 2181 se,
1114 2120 1284 2169 recole
1322 2136 1385 2169 ex
1422 2120 1696 2185 ontologia,
1735 2122 1835 2171 vol.
1875 2122 1913 2180 I,
1957 2132 2075 2180 240.

249 2199 272 2231 ⁸
310 2201 398 2249 Ad
437 2217 547 2250 rem
585 2200 635 2250 S.
666 2200 863 2249 Doctor
888 2201 918 2249 1.
949 2215 1020 2249 c.:
1067 2199 1332 2249 ‘Secunda
1369 2201 1449 2249 via
1486 2209 1563 2249 est
1600 2216 1661 2248 ex
1698 2202 1892 2249 ratione
1931 2216 2110 2249 causae

126 2279 415 2330 efficientis.
493 2281 777 2330 Invenimus
816 2281 949 2329 enim
986 2281 1037 2328 in
1074 2280 1182 2329 istis
1219 2280 1540 2329 sensibilibus
1578 2297 1690 2331 esse
1727 2282 1953 2330 ordinem
2005 2296 2114 2329 cau-

126 2377 294 2409 sarum
332 2360 691 2421 efficientium
746 2376 841 2409 nec
880 2370 1047 2409 tamen
1086 2360 1364 2421 invenitur,
1419 2375 1514 2409 nec
1551 2370 1629 2409 est
1665 2361 1934 2425 possibile,
1975 2361 2114 2425 quod

127 2440 319 2506 aliquid
358 2442 425 2490 sit
462 2457 613 2490 causa
650 2440 876 2490 efficiens
915 2441 993 2489 sui
1031 2440 1214 2505 ipsius;
1257 2440 1375 2505 quia
1412 2449 1542 2490 esset
1567 2441 1705 2505 prius
1731 2457 1784 2489 se
1811 2442 1938 2505 ipso,
1979 2441 2116 2505 quod

129 2530 205 2569 est
238 2521 579 2586 impossibile.
653 2521 773 2570 Non
812 2530 980 2570 autem
1016 2529 1092 2570 est
1127 2519 1374 2585 possibile
1412 2522 1550 2586 quod
1587 2521 1639 2569 in·
1691 2520 1850 2570 causis
1902 2520 2115 2570 efficien-

132 2601 265 2650 tibus
304 2602 619 2667 procedatur
654 2602 703 2649 in
742 2601 1021 2661 infinitum,
1062 2601 1181 2665 quia
1217 2602 1267 2649 in
1305 2601 1542 2650 omnibus
1579 2602 1742 2649 causis
1781 2600 2116 2650 efficientibus

132 2682 378 2731 ordinatis
417 2683 632 2746 primum
670 2690 746 2731 est
782 2696 934 2731 causa
970 2682 1135 2740 medii,
1176 2689 1226 2729 et
1264 2681 1485 2729 medium
1511 2690 1588 2730 est
1614 2697 1762 2730 causa
1786 2681 1973 2740 ultimi3
2013 2680 2115 2729 sive

132 2762 299 2810 media
337 2763 444 2811 sint
481 2762 628 2827 plura
664 2763 771 2811 sive
809 2778 964 2809 unum
1004 2770 1214 2812 tantum.
1288 2762 1503 2811 Remota
1539 2770 1704 2811 autem
1745 2777 1919 2820 causa,
1959 2776 2116 2809 remo·

130 2849 277 2891 vetur
314 2842 547 2892 effectuS.
622 2842 760 2907 Ergo
798 2843 839 2891 si
877 2858 979 2891 non
1018 2842 1168 2891 fuerit
1204 2842 1419 2907 primum
1457 2843 1507 2891 in
1547 2842 1706 2891 causis
1762 2842 2114 2901 efficientibuS,

136 2937 237 2971 non
278 2922 377 2971 erit
418 2922 662 2984 ultimum,
704 2939 798 2973 nec
836 2922 1071 2971 medium.
1137 2921 1239 2971 Sed
1277 2922 1316 2969 si
1353 2924 1662 2987 procedatur
1698 2924 1747 2970 in
1785 2920 2029 2971 infinitum
2067 2922 2117 2968 in

135 3004 299 3052 causis
337 3002 693 3064 efficientibus,
731 3019 834 3052 non
873 3003 965 3052 erit
1002 3004 1161 3067 prima
1198 3018 1349 3051 causa
1385 3002 1637 3062 efficiens;
1679 3013 1730 3052 et
1768 3002 1842 3052 sic
1881 3018 1983 3051 non
2023 3002 2116 3051 erit

135 3099 227 3134 uec
281 3084 493 3133 effectus
545 3084 743 3133 ultimus
761 3122 774 3145 ,
827 3100 923 3133 nec
961 3098 1140 3134 causae
1192 3080 1467 3132 efficientes
1518 3084 1742 3142 mediae3
1796 3082 1933 3147 quod
1978 3090 2116 3147 patet

134 3180 242 3214 aese
280 3165 485 3215 falsum.
561 3165 699 3229 Ergo
735 3173 812 3213 est
850 3180 1057 3213 necesse
1095 3178 1287 3227 ponere
1325 3163 1540 3228 aliquam
1578 3179 1779 3213 causam
1817 3161 2116 3212 efficientem

135 3246 363 3308 primam,
405 3261 556 3310 quam
593 3260 769 3295 omnes
806 3245 974 3293 Deum
1012 3243 1325 3293 nominant.»

257 3324 281 3355 ⁴
318 3326 406 3375 De
443 3327 687 3376 relatione
725 3326 957 3391 principii
994 3320 1298 3373 causalitatis
1336 3322 1400 3372 ad
1436 3324 1739 3389 principium
1785 3332 1950 3372 motus
2001 3322 2116 3371 vide

141 3406 237 3457 vol.
278 3408 317 3465 Ι,
362 3407 485 3469 306.
