2367 3850
281 213 382 252 222
909 213 1243 252 THEOLOGIA
1278 208 1621 250 NATURALIS.

399 357 458 436 a)
501 361 754 436 Quoties
782 363 946 421 Deus
973 371 1326 439 praemovet
1352 363 1719 421 voluntatem
1746 361 2083 431 humanam,
2120 359 2259 435 ipsa

279 459 552 510 movetur
593 451 839 526 quidem
865 450 1207 510 necessario
1235 451 1587 510 necessitate
1616 448 2080 524 consequentiae
2107 444 2261 524 (non

279 551 476 599 autem
535 540 890 600 necessitate
949 541 1374 616 consequentis
1436 533 1591 615 [vide
1652 533 1893 616 supra]).
1978 540 2033 596 A
2088 555 2261 613 prae·

277 630 542 689 motione
564 630 726 688 enim
753 630 1000 706 physica
1025 631 1396 689 voluntatem
1424 628 1677 688 diximus
1704 628 1951 699 habere,
1981 638 2043 686 ut
2068 627 2259 685 libere
2351 669 2352 714 3

279 737 410 778 sese
452 728 692 778 moveat
733 728 887 778 actu.

397 801 460 883 b)
521 809 940 868 Praemotione
983 808 1233 884 physica
1273 808 1673 867 destrueretur
1714 807 1959 882 quidem
2018 807 2261 864 libertas

277 898 554 966 humana,
599 898 648 956 si
687 908 897 956 natura
937 897 1106 956 huius
1148 897 1435 956 libertatis
1478 895 1827 955 consisteret
1868 896 1929 953 in
1971 893 2263 970 indepen-

276 986 481 1045 dentia
539 987 861 1045 intrinseca
918 986 1235 1046 voluntatis
1296 987 1521 1045 liberae
1594 1005 1629 1044 a
1696 985 1964 1044 motione
2033 983 2257 1055 divina,

278 1077 516 1150 qualem
586 1077 900 1136 thomistae
969 1076 1134 1134 illam
1194 1076 1512 1151 explicant.
1597 1075 1717 1134 Sed
1771 1076 1925 1133 haec
1980 1084 2070 1132 est
2126 1074 2261 1148 ipsa

276 1165 546 1241 quaestio
589 1165 904 1224 solvenda:
960 1175 1154 1222 utrum
1198 1164 1426 1224 scilicet
1465 1174 1676 1224 natura
1714 1163 2002 1222 libertatis
2043 1173 2104 1220 et
2160 1164 2261 1220 ab·

277 1255 468 1313 soluta
508 1252 918 1331 dependentia
957 1272 1172 1312 causae
1214 1254 1516 1314 secundae
1558 1274 1595 1312 a
1635 1271 1815 1312 causa
1854 1254 2051 1328 prima
2097 1253 2261 1310 hanc

277 1343 748 1420 dependentiam
777 1343 1160 1401 intrinsecam
1181 1345 1515 1418 expostulet
1532 1361 1745 1402 necne.
1791 1343 1991 1416 Quam
2013 1341 2259 1416 quidem

279 1432 690 1506 quaestionem
741 1431 1076 1491 molinistae
1134 1431 1197 1490 in
1254 1433 1520 1492 favorem
1576 1449 1718 1490 suae
1778 1433 2107 1490 sententiae
2168 1447 2260 1488 so-

276 1522 458 1580 lutam
519 1540 647 1581 esse
663 1567 677 1594 ,
726 1520 906 1597 gratis
967 1531 1349 1598 supponunt3
1419 1521 1734 1580 thomistae
1793 1539 1939 1579 vero
2000 1520 2257 1590 solvunt,

275 1610 474 1686 logica
514 1610 876 1669 deductione
892 1656 906 1681 ‚
964 1610 1343 1670 ostendendo
1399 1611 1729 1669 absolutam
1783 1609 2259 1686 dependentiam

278 1711 582 1758 creaturae
625 1720 661 1757 a
703 1710 972 1758 creatore
1015 1700 1172 1758 hanc
1210 1699 1684 1774 praemotionem
1715 1699 1965 1759 omnino
1992 1700 2257 1774 exigere,

279 1788 524 1847 fatendo
577 1805 722 1846 vero
773 1790 1032 1846 intimam
1086 1798 1357 1848 naturam
1412 1788 1696 1847 libertatis
1750 1787 1893 1863 ipsis
1946 1806 2079 1846 esse
2134 1807 2259 1862 my·

277 1877 518 1937 sterium
548 1879 581 1937 ¹.

403 1988 453 2026 2.
500 1968 842 2027 Molinistae
884 1986 1008 2026 non
1051 1968 1389 2039 ostendunt,
1434 1977 1624 2027 stante
1667 1966 2085 2043 praemotione
2114 1968 2263 2042 phy·
2356 1958 2358 1979 ⁴

281 2056 420 2129 sica,
466 2058 662 2115 Deum
705 2057 1046 2115 necessario
1088 2056 1211 2115 dici
1252 2057 1473 2115 debere
1516 2066 1826 2115 auctorem
1853 2058 2107 2132 peccati.
2159 2056 2263 2114 Ad

278 2146 685 2205 difficultatem
742 2145 905 2204 enim
959 2164 1165 2205 eorum
1224 2145 1574 2205 solvendam
1639 2146 1957 2205 thomistae
2026 2145 2263 2221 optimo

277 2236 402 2292 iure
440 2245 680 2293 utuntur
706 2234 1119 2311 responsione,
1166 2254 1285 2309 qua
1313 2235 1425 2311 ipsi
1454 2253 1811 2294 concursum
1840 2236 2263 2295 simultaneum

278 2324 394 2382 Dei
453 2324 515 2382 in
575 2335 710 2382 actu
769 2324 1195 2399 peccaminoso
1266 2324 1580 2400 explicant.
1672 2327 2027 2383 «Peccatum
2098 2324 2261 2382 enim

277 2412 592 2489 dupliciter
633 2413 890 2489 spectari
931 2423 1155 2489 potest:
1200 2413 1599 2484 materialiter,
1646 2424 1937 2488 quatenus
1976 2423 2066 2473 est
2096 2424 2262 2471 actus

277 2501 570 2577 physicuS,
616 2513 676 2561 et
718 2502 1059 2574 formaliter,
1107 2512 1399 2578 quatenus
1441 2514 1530 2562 est
1555 2514 1721 2562 actus
1748 2504 2009 2562 moralis.
2057 2504 2263 2561 Primo

401 2678 418 2710 ¹
458 2680 578 2729 Non
616 2697 731 2730 raro
772 2682 1057 2731 molinistae
1095 2681 1350 2730 thomistis
1388 2681 1587 2730 crimini
1624 2690 1856 2742 vertunt,
1897 2683 2038 2746 quod
2073 2682 2173 2730 hac
2208 2682 2263 2729 in

279 2777 332 2808 re
371 2762 435 2810 ad
472 2762 763 2824 mysterium
802 2762 1113 2827 confugiunt.
1166 2762 1245 2811 Cf.
1285 2763 1467 2827 Egger,
1507 2762 1666 2811 Ench.
1707 2762 1863 2811 theol.
1904 2762 2077 2827 dogm.
2119 2779 2261 2827 spec.

277 2858 328 2905 p.
361 2851 476 2904 541,
517 2841 606 2889 ubi
644 2841 700 2891 fit
737 2841 1013 2907 disputatio
1052 2842 1116 2890 de
1155 2842 1336 2891 eodem
1376 2857 1621 2891 concursu
1658 2842 1711 2889 in
1748 2842 1926 2891 ordine
1960 2852 2261 2907 supernatu-

278 2921 385 2969 rali.
455 2922 613 2970 «Cum
651 2922 737 2970 tali
774 2922 1046 2981 motione»,
1089 2923 1156 2971 ait
1194 2923 1483 2989 praeclarus
1521 2922 1607 2971 ille
1644 2928 1832 2984 auctor,
1878 2922 2120 2973 «libertas
2159 2931 2261 2971 tam

278 3002 647 3067 inexplicabilis
684 3011 774 3064 est,
821 3012 877 3052 ut
912 3003 1009 3068 ipsi
1047 3003 1319 3051 adversarii
1357 3003 1496 3051 illam
1532 3003 1817 3066 mysterium
1851 3019 1962 3053 esse
1988 3004 2258 3053 fateantur.

278 3083 520 3145 Mysteria
568 3091 735 3131 autem
786 3083 1046 3133 Ecclesiae
1098 3083 1355 3131 credenda
1404 3091 1546 3143 sunt;
1604 3085 1840 3147 mysteria
1889 3100 2013 3133 vero
2066 3084 2259 3133 theolo-

277 3178 456 3227 gorum
495 3179 598 3211 non
637 3171 755 3212 sunt
791 3164 1092 3213 credenda.»
1135 3188 1208 3197 --
1244 3162 1292 3211 O
1341 3162 1513 3213 felices
1566 3163 1861 3229 theologOS,
1914 3165 2102 3229 quibus
2156 3182 2257 3214 non

279 3242 375 3291 nisi
425 3243 682 3292 Ecclesiae
733 3243 966 3305 mysteria
1015 3244 1113 3291 sint
1165 3243 1449 3292 credenda!
1528 3244 1575 3293 O
1620 3244 1799 3293 beatos
1850 3245 2089 3295 homines
2106 3284 2118 3307 ‚
2170 3247 2254 3311 qui

275 3324 502 3371 intimam
541 3330 767 3369 naturam
803 3338 922 3371 suae
969 3322 1219 3371 libertatis
1257 3330 1356 3370 tam
1394 3323 1527 3373 clare
1564 3333 1883 3390 perspectam
1919 3326 2163 3387 habeant,
2202 3337 2253 3375 ut

313 3400 468 3447 *illum
506 3400 601 3447 hac
639 3401 688 3447 in
727 3416 780 3449 re
820 3402 1110 3465 mysterium
1147 3402 1361 3450 rationis
1399 3404 1521 3467 ipsis
1559 3408 1819 3454 occurrat!
