2367 3850
298 237 326 273 2
339 237 359 272 1
368 237 401 285 4
921 235 1259 272 THEOLOGIA
1298 236 1640 273 NATURALIS.

291 403 414 444 non
458 394 548 443 est
587 383 700 442 nisi
744 382 1112 443 continuatio
1155 401 1287 443 esse
1328 383 1525 460 ipsiuS.
1584 384 1909 443 Ostensum
1937 394 2027 443 est
2050 391 2233 456 autem,

293 474 459 548 quod
501 475 666 532 Deus
709 483 797 532 est
839 490 1016 531 causa
1059 473 1297 532 essendi
1339 472 1617 533 omnibus
1657 471 1869 531 rebus:
1920 471 2088 548 igitur
2124 491 2239 531 con·

293 571 489 622 servat
530 581 625 621 res
667 580 878 621 omnes
919 561 982 619 in
1025 581 1210 622 esse.»
1242 565 1258 596 ¹

413 652 764 711 Notandum
819 661 908 710 est
947 669 1061 710 nos
1117 650 1635 711 conservationem
1689 651 2087 710 «creationem
2126 668 2239 708 con·

293 741 611 800 tinuatam»
634 785 648 810 ,
704 759 829 799 non
871 750 1068 799 autem
1119 742 1454 799 «iteratam»
1471 786 1487 810 ,
1532 739 1735 800 dicere
1749 787 1765 812 ,
1825 739 1977 799 sicut
2015 739 2239 798 absurde

294 828 530 906 Baylius
571 848 698 889 rem
741 829 921 888 finxit.

1066 979 1398 1029 AR'rchLus
1438 993 1497 1029 11.

863 1093 960 1142 DE
999 1094 1255 1143 DIVINO
1294 1094 1684 1144 CONCURSU.

351 1227 754 1300 QUAERITUR,
801 1243 1022 1286 UTRUM
1068 1227 1245 1286 Dnus
1288 1243 1377 1284 An
1419 1243 1682 1286 OMNES
1727 1243 2195 1286 CREATURARUM

707 1332 1144 1375 oPERATmNES
1191 1332 1580 1375 CONCURRAT
1622 1332 1855 1375 NECNE.

719 1453 756 1521 ξ
799 1469 842 1506 1.
906 1458 1100 1507 Status
1137 1457 1492 1519 quaestionis
1529 1456 1843 1520 exponitur.

421 1581 735 1640 Concursus
775 1580 1008 1640 divinus
1050 1580 1266 1639 dicitur
1307 1590 1472 1639 actus
1512 1580 1608 1640 ille
1627 1627 1640 1653 ,
1700 1597 1821 1655 quo
1865 1581 2029 1638 Deus
2082 1577 2249 1636 influit

2330 1178 2332 1270 4

2332 1424 2334 1514 1

295 1671 357 1729 in
417 1688 626 1729 omnes
687 1671 1068 1744 operationes
1129 1679 1546 1729 creaturarum.
1632 1670 1975 1728 Concursus
2031 1668 2125 1727 ille
2173 1679 2248 1726 est
2334 1668 2336 1744 ξ

297 1761 392 1819 vel
434 1759 728 1819 mediatus
770 1761 867 1819 vel
908 1759 1304 1819 immediatus.

423 1868 469 1906 1.
503 1849 841 1908 Concursus
871 1849 1103 1908 divmus
1131 1850 1407 1907 mediatus
1434 1848 1532 1908 ille
1562 1858 1667 1920 est,
1700 1866 1821 1923 quo
1850 1849 2017 1906 Deus
2045 1856 2249 1905 remote

294 1940 354 1998 in
400 1937 666 1998 actiones
709 1948 1110 1998 creaturarum
1151 1938 1358 2011 influit,
1400 1946 1675 2014 quatenus
1704 1939 1819 1996 illis
1843 1940 1997 1997 vires
2024 1939 2252 2011 largitur

293 2036 349 2086 et
386 2036 694 2097 conservat,
740 2027 954 2103 quibus
996 2028 1161 2104 ipsae
1205 2027 1473 2087 actiones
1516 2047 1648 2087 suas
1690 2026 1950 2087 eliciunt.

416 2138 464 2175 2.
498 2118 836 2176 Concursus
862 2116 1096 2177 divinus
1124 2118 1477 2176 immediatus
1496 2116 1596 2177 ille
1626 2128 1716 2177 est
1744 2127 1924 2189 actuS,
1958 2133 2077 2190 quo
2106 2116 2251 2173 Deus

295 2206 482 2265 influit
522 2206 584 2265 in
627 2207 1008 2282 operationes
1051 2217 1453 2266 creaturarum
1495 2207 1783 2283 proxime,
1828 2205 1864 2264 i.
1898 2224 1951 2265 e.
1994 2207 2058 2264 in
2092 2206 2251 2281 tynam

294 2298 667 2372 operationem
709 2297 1030 2354 elidendam
1071 2304 1214 2354 actu.
1300 2296 1641 2355 Concursus
1677 2295 2055 2354 immediatus
2094 2312 2253 2370 gene·

293 2383 466 2443 ratim
508 2384 730 2460 duplex
757 2384 1037 2461 distingui
1077 2395 1304 2462 potest:
1350 2385 1627 2461 physicus
1656 2384 1881 2443 scilicet
1922 2394 1983 2443 et
2014 2382 2250 2442 moralis

414 2467 470 2548 a)
515 2474 854 2533 Concursus
896 2473 1270 2533 immediatus
1311 2475 1546 2533 moralis
1585 2473 1685 2532 ille
1727 2484 1832 2546 est,
1885 2491 2008 2549 quo
2040 2472 2165 2547 quis
2203 2470 2253 2527 in

293 2562 592 2622 actionem
633 2563 871 2622 alterius
911 2562 1115 2635 influit,
1160 2573 1223 2621 ut
1251 2582 1429 2621 causa
1456 2562 1713 2634 moralis,
1758 2562 2021 2622 consiliis
2049 2558 2254 2620 scilicet

296 2662 355 2710 et
382 2651 750 2711 suasionibus
778 2651 1084 2711 influendo
1112 2652 1176 2710 in
1205 2653 1569 2711 voluntatem
1598 2651 1865 2724 liberam,
1899 2650 2043 2727 quin
2072 2660 2252 2708 tamen

297 2739 517 2799 influxu
560 2740 808 2817 physico
851 2741 1010 2799 illam
1053 2742 1421 2799 voluntatem
1460 2751 1717 2800 moveat.

417 2825 479 2905 b)
524 2831 863 2890 Concursus
905 2828 1281 2889 immediatus
1310 2830 1577 2907 physicus
1605 2830 1703 2888 ille
1733 2839 1837 2902 est,
1884 2846 2005 2904 quo
2048 2828 2170 2905 quis
2198 2826 2251 2883 in

294 2919 594 2980 actionem
637 2920 873 2979 alterius
902 2919 1092 2978 influit
1118 2929 1182 2977 ut
1211 2938 1389 2978 causa
1418 2918 1681 2996 physica,
1725 2918 1761 2977 i.
1795 2936 1846 2979 e.
1878 2918 2025 2977 reali
2051 2918 2249 2975 influxu

295 3009 544 3086 physico
586 3009 664 3068 ad
706 3008 1164 3085 productionem
1208 3009 1461 3067 actionis
1503 3008 1739 3068 alterius
1782 3008 2101 3067 conferens
2118 3006 2154 3063 ².

421 3186 436 3217 ¹
477 3190 528 3237 S.
561 3190 750 3249 Thom„
777 3187 981 3237 Summa
1006 3205 1047 3238 c.
1073 3188 1226 3237 Gent.
1254 3188 1288 3236 l.
1316 3188 1408 3249 ΠΙ,
1437 3203 1481 3237 c.
1508 3189 1595 3251 65.
1633 3187 1761 3235 Vide
1788 3203 1991 3252 quoque
2018 3200 2249 3251 compara-

297 3269 500 3330 tionem,
541 3286 640 3333 qua
665 3270 716 3318 S.
745 3269 941 3317 Doctor
977 3285 1082 3317 rem
1120 3268 1367 3332 explicatz
1414 3268 1587 3318 «Sicut
1612 3284 1711 3329 aer,
1752 3268 1873 3316 dum
1901 3266 2013 3317 dies
2039 3276 2138 3316 est»
2168 3274 2247 3313 etc.

299 3346 373 3411 (S.
412 3346 567 3395 theol.
607 3346 646 3405 1,
687 3364 735 3410 q.
783 3359 896 3407 104,
937 3364 978 3396 a.
1027 3345 1098 3410 1).

421 3421 442 3454 ²
480 3425 563 3472 De
601 3440 750 3473 causa
786 3426 963 3475 morali
1000 3436 1051 3475 et
1088 3427 1154 3475 de
1193 3443 1344 3476 causa
1379 3427 1593 3493 physica
1628 3428 1748 3478 vide
1784 3428 1887 3478 vol.
1928 3429 1967 3490 1,
2011 3440 2127 3492 300.

2336 1912 2338 1997 Ι
