2367 3850
620 200 697 236 na
736 200 1109 241 ARGUMENTls
1150 201 1590 239 ΜΕΤΑΡΗγεῐειε.
1993 199 2088 250 177

108 360 141 427 ἓ
164 378 213 425 4.
257 369 685 430 Argumentum
724 381 793 420 ex
829 370 1097 432 gradibus
1134 370 1380 420 enuntia
1417 385 1602 420 rerum
1627 371 2038 420 mundanarum
2059 367 2092 420 ⁸.

220 491 315 548 Ex
383 492 674 567 gradibus
734 493 1120 568 perfectionis
1180 494 1404 552 entium
1465 493 1904 553 mundanorum
1964 512 2094 570 pro-

106 579 275 638 batur
317 581 667 640 exsistentia
721 584 864 640 entis
904 584 1125 659 infinite
1153 582 1422 658 perfecti,
1480 583 1635 658 quod
1668 591 1766 641 est·
1787 602 1958 642 causa
1999 586 2094 640 im-

102 668 381 742 producta
424 673 609 729 omnis
637 670 1009 748 perfectionis
1049 672 1347 740 limitatae,
1388 672 1509 730 hoc
1551 672 1764 731 modo:

221 767 301 825 In
345 787 549 826 rerum
590 777 808 828 natura
846 768 1159 846 mamssfesto
1186 777 1432 847 apparet
1455 788 1568 827 esse
1608 770 1856 828 diversos
1873 771 2098 844 gradus

98 856 476 932 perfectionis
492 881 513 931 ,·
571 859 809 934 plantae
866 877 918 917 e.
962 878 1019 934 g.
1066 870 1201 918 sunt
1255 859 1643 935 perfectiores
1697 859 2094 931 mineralibuS,

106 945 390 1005 animalia
433 948 609 1006 bruta
650 959 784 1006 sunt
825 947 1188 1024 perfectiora
1223 949 1456 1024 plantiS‚
1498 948 1682 1006 homo
1727 948 2095 1024 perfectione

108 1035 286 1111 longe
334 1047 582 1112 superat
622 1037 901 1096 animalia
941 1037 1133 1096 bruta.

222 1131 349 1192 Sed
382 1136 571 1208 magis
612 1139 668 1192 et
703 1137 891 1193 minus
930 1138 1131 1209 arguit
1168 1137 1550 1194 exszktentiam
1601 1125 1850 1194 alicuius'
1875 1137 2094 1204 summi,

108 1242 143 1278 a
184 1225 343 1282 cuius
372 1225 822 1300 participatione
862 1226 983 1283 alia
1023 1225 1275 1283 habeant
1309 1243 1471 1282 suum
1505 1225 1754 1298 gradum
1796 1225 2097 1282 limitatum

100 1311 493 1386 perfectionis.

227 1411 413 1468 Entia
456 1411 639 1481 enim,
685 1430 838 1486 quae
867 1411 1093 1470 habent
1121 1430 1250 1470 esse
1294 1410 1621 1469 secundum
1662 1410 1878 1485 gradus
1907 1411 2098 1469 minus

112 1499 445 1572 perfectOS,
506 1500 654 1558 illud
708 1519 832 1558 non
888 1501 1113 1560 habent
1167 1521 1205 1558 a
1259 1518 1355 1571 se,
1413 1499 1447 1557 i.
1493 1518 1544 1558 e.
1604 1517 1711 1575 per
1761 1500 2095 1558 essentiam.

116 1586 505 1647 Ostendimus
548 1589 707 1648 enim
752 1589 813 1648 in
870 1589 1242 1665 cosmologia
1283 1588 1506 1647 nullutn
1549 1607 1655 1647 ens
1701 1589 1926 1647 finitum
1969 1607 2098 1648 esse

117 1695 150 1732 a
190 1695 256 1734 se
284 1679 321 1736 ³.

240 1774 430 1847 Quod
450 1775 500 1832 si
530 1793 641 1850 per
668 1775 1032 1850 impossibile
1059 1775 1442 1834 nihilominus
1469 1777 1652 1846 fieret,
1685 1793 1860 1850 supra
1889 1793 2099 1832 omnes

118 1879 209 1920 res
237 1864 577 1922 mundanas
621 1884 655 1922 a
685 1864 913 1923 fortiori
942 1865 1249 1923 exsisteret
1275 1864 1613 1923 necessario
1642 1864 1894 1922 essentia
1925 1882 2099 1939 quae-

118 1953 257 2010 dam
300 1953 549 2026 infinita,
594 1971 750 2029 quae
794 1964 949 2013 esset
991 1956 1172 2013 Deus,

234 2052 419 2111 Entia
461 2052 719 2128 proinde
737 2100 750 2125 ,
794 2071 949 2127 quae
993 2053 1302 2129 possident
1344 2069 1471 2110 esse
1515 2050 1840 2110 secundum
1883 2050 2100 2126 gradus

118 2139 311 2199 minus
352 2142 683 2217 perfectos,
737 2153 1232 2218 praesupponunt
1274 2159 1512 2201 causam
1553 2140 1657 2198 sui.
1745 2140 1864 2198 Sed
1907 2140 2099 2198 omnis

118 2248 297 2289 causa
338 2231 664 2306 perfectior
706 2241 794 2289 est
836 2248 941 2289 suo
984 2232 1219 2290 effectu.
1300 2231 1465 2305 Ergo
1508 2228 1667 2287 entia
1708 2228 1808 2287 illa
1849 2226 2100 2305 arguunt

240 2423 260 2454 ¹
306 2424 529 2487 «Quarta
566 2426 646 2474 via
684 2427 896 2474 sumitur
933 2442 994 2474 ex
1031 2426 1304 2490 gradibus,
1358 2425 1444 2489 qui
1484 2425 1534 2472 in
1572 2426 1724 2473 rebus
1764 2424 2096 2473 inveniuntur.

118 2504 375 2554 Invenitur
412 2506 549 2554 enim
584 2507 637 2556 in
676 2506 827 2555 rebus
866 2505 1058 2570 aliquid
1096 2505 1260 2569 magis
1299 2514 1350 2554 et
1387 2506 1550 2553 minus
1587 2505 1794 2565 bonum,
1834 2514 1884 2553 et
1910 2518 2095 2562 verum,

120 2594 168 2633 et
202 2585 410 2645 nobile;
453 2594 505 2634 et
542 2587 615 2636 sic
653 2587 718 2635 de
756 2586 869 2635 aliis
906 2586 1212 2635 huiusmodi.
1266 2585 1369 2634 Sed
1407 2585 1568 2649 magis
1603 2594 1654 2634 et
1678 2585 1839 2633 minus
1866 2584 2100 2632 dicuntur

120 2665 180 2713 de
216 2666 450 2726 diversis,
492 2667 769 2715 secundum
807 2666 946 2731 quod
984 2666 1396 2731 appropinquant
1435 2664 1773 2714 diversimode
1811 2665 1877 2713 ad
1911 2662 2100 2727 aliquid

121 2748 257 2809 quod
308 2746 527 2795 maxime
579 2755 681 2805 est;
735 2746 869 2795 sicut
916 2747 1077 2811 magis
1128 2746 1352 2795 calidum
1387 2754 1463 2794 est
1513 2745 1652 2810 quod
1701 2746 1862 2809 magis
1915 2760 2099 2809 appro-

120 2826 329 2891 pinquat
366 2826 581 2875 maxime
620 2825 803 2876 calid0.
880 2826 971 2875 Est
1009 2826 1163 2891 igitur
1201 2826 1394 2891 aliquid
1411 2863 1422 2885 ,
1481 2826 1619 2889 quod
1656 2832 1732 2875 est
1768 2825 2096 2885 verissimum,

122 2914 169 2953 et
202 2907 468 2971 optimum,
509 2914 561 2954 et
596 2905 987 2969 nobilissimum,
1026 2915 1076 2956 et
1112 2922 1206 2971 per
1234 2922 1550 2971 consequens
1574 2907 1785 2955 maxime
1811 2922 1915 2955 ens·
1965 2905 2098 2953 Nam

122 3002 249 3049 quae
288 2994 410 3035 sunt
444 2986 660 3036 maxime
696 3003 845 3048 vera,
886 2998 1004 3035 sunt
1040 2988 1253 3035 maxime
1292 2986 1444 3035 entia.
1521 2984 1677 3048 Quod
1713 2994 1878 3035 autem
1917 2984 2102 3034 dicitur

121 3067 329 3116 maxime
370 3067 469 3115 tale
508 3067 559 3114 in
598 3067 769 3132 aliquo
804 3083 1009 3132 genere,
1051 3077 1126 3117 est
1165 3082 1316 3115 causa
1353 3067 1603 3128 omnium,
1649 3082 1778 3131 quae
1817 3073 1931 3114 sunt
1969 3064 2100 3113 illius

123 3146 350 3211 generis;
392 3148 522 3196 sicut
559 3148 703 3213 ignis,
744 3148 831 3214 qui
869 3156 945 3196 est
978 3147 1188 3195 maxime
1216 3147 1422 3207 calidus,
1463 3158 1538 3195 est
1565 3163 1714 3195 causa
1739 3146 1960 3194 omnium
1987 3144 2099 3192 caii-

123 3228 314 3276 dorum.
393 3226 532 3291 Ergo
570 3236 649 3277 est
684 3228 903 3293 aliquid,
958 3229 1096 3292 quod
1132 3227 1371 3276 omnibus
1408 3226 1609 3275 entibus
1647 3235 1721 3275 est
1773 3242 1922 3275 causa
1973 3240 2097 3285 esse,

124 3316 167 3355 et
214 3306 461 3356 bonitatis
479 3345 491 3368 ,
556 3316 605 3356 et
657 3308 925 3357 cuiuslibet
972 3307 1331 3372 perfectionis;
1386 3316 1434 3355 et
1485 3307 1584 3355 hoc
1636 3305 1846 3354 dicimus
1897 3306 2091 3353 Deum»

128 3384 198 3451 (S.
242 3388 397 3437 theol.
436 3388 469 3435 l.
506 3385 596 3450 e.).
816 3384 839 3418 ²
875 3387 952 3436 Cf.
992 3388 1093 3437 vol.
1134 3389 1172 3449 I,
1215 3388 1334 3447 408.

227 3481 613 3531 Reinstadler,
646 3481 781 3521 Elem.
815 3481 969 3532 philos.
1003 3481 1137 3520 schol.
1182 3480 1240 3522 11.
1716 3486 1775 3519 12
