2367 3850
767 13 792 16 “·
839 13 844 16 ·
869 11 872 14 ’
1067 13 1078 36 ;
1107 11 1138 16 ·-
1159 11 1186 54 ’,-
1268 11 2332 291 ÷.=-:--==†s·-vvvw]m
2036 42 2045 51 ,
2212 49 2225 59 ,

296 263 405 314 290
883 263 1115 302 ETHICA.
1182 264 1322 302 PARS
1361 263 1699 302 GENERALIS.

416 416 490 473 ΙΙ.
535 424 848 473 Elementa.
932 415 1120 472 Actus
1174 403 1448 486 moraliS,
1509 423 1803 488 quatenus
1859 419 2155 488 spectatur
2199 411 2250 467 in

296 493 427 580 ipso
468 503 787 576 moralitas,
832 494 1067 563 duobus
1109 502 1420 562 elementis
1463 501 1874 561 essentialibus
1923 511 1984 559 et
2023 499 2254 576 proinde

294 594 543 652 omnino
602 592 951 653 necessariis
1012 592 1415 652 constituitur:
1488 593 1674 652 altero
1735 591 1910 667 quasi
1970 591 2253 661 materiali,

293 684 482 742 altero
525 683 777 741 formali.
1339 727 1346 734 -
1593 683 1596 686 ⁴

413 772 771 830 Elementum
828 771 1123 830 materiale
1182 781 1272 830 est
1330 771 1522 846 ipsum
1568 770 1969 837 voluntarium
2025 769 2258 827 liberum

294 861 356 919 in
413 880 519 919 sua
574 862 819 920 entitate
860 861 1108 936 physica
1164 861 1606 919 consideratum
1624 907 1638 932 ‚
1704 877 1860 935 quae
1907 859 2258 934 potestesse

294 951 521 1026 optima
583 969 702 1025 qua
761 949 893 1009 talis
916 997 929 1023 ‚
1006 950 1114 1010 etsi
1188 949 1492 1008 moraliter
1558 959 1646 1008 est
1703 950 1894 1007 malus
1957 958 2120 1006 actus
2173 947 2259 1004 hu-

292 1059 519 1100 manus,
1465 1048 1468 1051 '

411 1130 767 1188 Elementum
813 1129 1080 1202 formale
1118 1138 1209 1187 est
1262 1129 1392 1205 ipsa
1432 1127 1721 1187 habitudo
1759 1136 1928 1186 actus
1984 1125 2154 1184 liberi
2191 1125 2258 1182 ad

291 1218 602 1277 rationem.
705 1221 797 1276 Ex
860 1236 986 1294 'quo
1056 1206 1356 1276 elemento
1427 1217 1660 1276 formali
1715 1217 2023 1275 moralitas
2089 1215 2261 1290 speci-

290 1309 529 1379 ficatur,
588 1309 669 1364 ita
724 1317 787 1365 ut
842 1307 1235 1382 distinguatur
1290 1308 1592 1365 moralitas
1647 1308 1810 1365 bona
1863 1317 1927 1364 et
1973 1305 2258 1363 moralitas

292 1398 449 1454 mala
490 1415 602 1472 pro
646 1396 987 1455 diversitate
1029 1395 1200 1454 huius
1228 1395 1609 1454 habitudinis
1695 1395 1760 1453 Si
1801 1396 1966 1454 enim
2008 1393 2136 1452 talis
2163 1401 2254 1459 est,

290 1496 353 1544 ut
394 1497 557 1544 actus
600 1486 672 1544 sit
714 1486 1039 1544 conformis
1083 1503 1218 1544 cum
1263 1495 1427 1544 recta
1468 1486 1716 1556 ratione,
1762 1483 2068 1542 moralitas
2107 1492 2257 1539 actus

290 1577 453 1633 bona
494 1585 616 1649 est3
670 1575 829 1633 mala
868 1592 1046 1648 νει-ο,
1090 1575 1138 1632 si
1181 1584 1346 1634 actus
1389 1585 1478 1632 est
1519 1574 1810 1632 difformis
1853 1573 2016 1631 iuxta
2060 1570 2255 1648 princi-

289 1664 454 1740 pium
499 1664 556 1723 S.
600 1665 885 1723 Doctoris
944 1682 1122 1739 supra
1175 1663 1510 1722 laudatum:
1577 1664 1718 1722 «Illi
1771 1681 1954 1720 mores
2012 1663 2257 1720 dicuntur

289 1755 435 1822 boni,
478 1756 582 1830 qui
613 1754 832 1811 rationi
868 1761 1188 1827 congruunt
1197 1775 1218 1824 ,·
1260 1754 1404 1811 mali
1439 1759 1643 1821 autem,
1685 1753 1788 1828 qui
1823 1771 1864 1808 a
1903 1753 2126 1810 ratione
2161 1750 2253 1807 dis-

292 1844 581 1900 cordant.»

411 1943 515 1999 III.
575 1952 662 1999 De
716 1952 909 2001 valore
965 1949 1291 2001 moralitatis
1347 1951 1656 2013 generatim
1707 1951 2086 2000 diiudicando.
2173 1938 2252 1993 ΕΧ

289 2030 480 2104 dictis,
526 2031 603 2088 ad
645 2032 911 2089 valorem
954 2040 1119 2089 actus
1161 2030 1424 2103 humani,
1469 2050 1588 2106 qua
1630 2030 1892 2103 moraliS,
1950 2028 2255 2089 diiudican-

288 2120 431 2178 dum
475 2120 628 2178 haec
669 2120 925 2179 maxime
968 2119 1131 2178 utilia
1170 2121 1327 2177 ultro
1370 2120 1652 2179 defluunt.

416 2238 463 2277 1.
522 2218 675 2276 Cum
717 2219 931 2276 entitas
973 2228 1137 2275 actus
1179 2217 1379 2291 liberi,
1425 2237 1544 2293 qua
1585 2217 1732 2289 talis,
1777 2219 1852 2276 sit
1895 2218 1974 2277 de
2018 2213 2253 2277 essentia
2330 2204 2331 2261 ἶ

288 2317 451 2365 actus
480 2307 723 2366 moralis
752 2316 813 2364 ut
842 2306 1097 2378 moralis,
1130 2306 1410 2381 sequitur,
1441 2316 1519 2379 ut,
1553 2324 1969 2382 quaecumque
2009 2302 2255 2365 officiunt

288 2396 413 2455 eius
454 2389 707 2454 bonitati
749 2396 1052 2472 physicae,
1096 2395 1132 2455 i.
1178 2414 1230 2454 e.
1279 2414 1692 2472 quaecumque
1720 2397 2168 2455 deliberationem
2204 2400 2255 2447 et

287 2487 599 2543 libertatem
641 2484 976 2560 impediunt
1016 2486 1111 2543 vel
1152 2484 1452 2556 minuunt,
1497 2503 1570 2544 ea
1611 2486 1834 2561 pariter
1876 2503 1952 2544 eo
1996 2486 2126 2562 ipso
2165 2480 2254 2538 tol·

289 2576 414 2632 lant
464 2575 560 2635 vel
620 2574 888 2632 minuant
946 2573 1342 2632 moralitatem
1404 2584 1585 2633 actus,
1672 2574 1791 2633 Sed
1851 2571 2251 2650 ignorantiam,

285 2664 798 2736 inadvertentiam,
839 2663 1202 2736 violentiam,
1247 2662 1812 2739 concupiscentiam,
1858 2674 2103 2735 metum,
2143 2676 2255 2736 pas·

284 2753 482 2812 siones
538 2752 799 2829 denique
857 2772 1067 2811 omnes
1128 2754 1346 2811 scimus
1407 2752 1902 2811 deliberationem
1973 2764 2036 2811 et
2102 2751 2251 2808 liber·

284 2850 467 2900 tatem
509 2860 963 2917 nonnumquam
1006 2842 1254 2900 omnino
1297 2843 1504 2900 tollere
1545 2844 1641 2901 vel
1670 2843 1878 2901 saltem
1907 2860 2035 2900 non
2065 2838 2252 2900 leviter

286 2930 576 2990 minuere.
661 2931 922 2989 Proinde
980 2930 1041 2989 in
1100 2930 1488 2990 diiudicando
1544 2932 1747 2989 valore
1802 2930 2050 2989 alicuius
2108 2938 2250 2988 actus

253 3094 256 3098 ι
288 3020 527 3079 moralis
557 3020 847 3097 imprimis
876 3021 953 3079 ad
984 3018 1264 3079 adiuncta
1297 3020 1396 3079 illa
1424 3021 1632 3079 sedulo
1662 3021 2096 3081 attendendum
2123 3028 2204 3077 est
2222 3017 2249 3072 ¹.

414 3207 431 3238 ¹
468 3209 764 3259 Recolenda
789 3220 904 3259 sunt
930 3227 1005 3273 ea,
1044 3228 1175 3276 quae
1210 3228 1364 3276 supra
1389 3212 1520 3261 eirca
1545 3211 1880 3261 voluntarium
1905 3210 2248 3261 declaravimus
2330 3198 2331 3243 Ϊ

287 3286 365 3350 (p.
408 3298 471 3349 73
513 3287 631 3351 sq.).
717 3292 873 3350 Item,
928 3306 1057 3354 quae
1109 3292 1173 3339 de
1225 3290 1470 3339 relatione
1523 3291 1792 3341 voluntatis
1843 3308 1959 3341 cum
2011 3292 2246 3341 intellectu
2330 3324 2331 3331 1

289 3364 363 3425 (p.
405 3363 499 3426 88)
539 3376 590 3412 et
640 3369 932 3427 praesertim
978 3386 1091 3419 cum
1142 3371 1368 3433 appetitu
1421 3370 1664 3419 sensitivo
1706 3368 1784 3435 (p.
1825 3372 1893 3434 89
1932 3369 1984 3420 et
2021 3386 2091 3432 90
2127 3365 2244 3435 sqq.)
2330 3414 2331 3417 ,

290 3440 519 3487 diximus.
