2367 3850
297 201 326 236 2
339 203 356 236 1
367 202 401 237 0
924 201 1256 238 THEOLOGIA
1297 201 1635 240 NATURALIS.

413 349 541 406 Iam
568 366 713 406 vero
743 349 1060 424 quaeritur,
1105 360 1301 408 utrum
1328 349 1722 426 conceptibus
1750 349 1862 408 illis
1902 351 1987 408 sic
2030 348 2276 408 diversis

294 437 808 512 correspondeant
865 439 928 495 in
983 439 1119 497 Deo
1182 439 1441 498 rationes
1502 439 1835 497 obiectivae
1895 439 2143 498 realiter
2200 438 2279 495 di-

293 526 539 584 stinctae
587 542 815 585 necne:
877 537 1072 585 utrum
1114 528 1341 586 scilicet
1380 527 1443 585 in
1485 529 1621 586 Deo
1662 527 2084 586 misericordia
2128 544 2180 585 e.
2224 545 2276 601 g.

292 616 370 673 ab
412 615 537 673 eius
577 614 793 673 iustitia
833 616 1070 675 realiter
1110 616 1502 692 distinguatur
1542 637 1620 675 an
1663 618 1913 677 ratione.

412 703 575 777 Quid
617 704 689 762 sit
731 704 1030 764 distinctio
1071 706 1277 777 realis,
1336 707 1481 781 quid
1523 705 1823 764 distinctio
1874 705 2160 776 rationis,
2218 705 2278 760 in

291 791 619 868 disciplinis
661 794 1017 868 ontologicis
1059 794 1178 852 iam
1222 794 1587 854 declaratum
1630 807 1720 853 est
1746 796 1779 853 ¹.

411 882 551 939 Non
595 880 808 941 eadem
853 901 1090 958 semper
1131 883 1399 942 omnium
1434 883 1929 959 philosophorum
1969 884 2071 942 vel
2117 883 2279 940 theo-

288 971 560 1046 logorum
602 972 717 1029 hac
760 972 836 1031 de
880 991 944 1031 re
989 973 1096 1031 fuit
1135 971 1446 1053 sententia.

409 1064 465 1142 a)
513 1068 804 1127 Gilbertus
856 1069 1016 1128 enim
1057 1070 1419 1128 Porretanus
1473 1065 1733 1144 (Gilbert
1786 1069 1864 1128 de
1906 1072 1965 1128 la
2004 1065 2275 1143 Por-ree),

288 1176 442 1216 saec.
487 1159 622 1229 XII,
681 1159 992 1217 contendit
1031 1160 1348 1218 essentiam
1402 1178 1474 1216 ac
1516 1159 1908 1235 proprietates
1960 1159 2203 1218 divinas
2243 1179 2277 1217 a

289 1247 558 1321 personis
599 1265 723 1305 non
766 1247 997 1306 ratione
1039 1249 1258 1321 solum,
1316 1248 1423 1306 sed
1464 1248 1643 1307 etiam
1685 1248 1925 1307 realiter
1967 1247 2273 1324 distingui,

287 1336 472 1393 immo
490 1382 503 1407 ,
551 1336 710 1394 iuxta
752 1338 978 1412 plureS,
1039 1336 1349 1396 contendit
1390 1336 1835 1396 distinctionem
1876 1336 2034 1396 inter
2080 1355 2273 1396 essen-

285 1425 427 1483 tiam
471 1424 588 1483 Dei
631 1435 691 1483 et
732 1424 1010 1484 attributa
1064 1444 1195 1485 esse
1237 1427 1475 1484 realem.
1563 1426 1745 1485 Cuius
1785 1427 2067 1484 doctrina
2110 1427 2273 1484 dam-

287 1523 426 1572 nata
469 1523 557 1571 est
598 1533 633 1571 a
677 1514 950 1572 Concilio
992 1514 1283 1573 Remensi
1326 1509 1545 1590 (1148).

405 1607 471 1685 b>
515 1611 836 1668 Eunomius
888 1631 1022 1670 vero
1061 1612 1327 1670 Arianus
1386 1623 1443 1671 et
1485 1624 1619 1688 post
1661 1614 1853 1688 ipsum
1895 1612 2173 1687 theologi
2214 1623 2271 1669 et

285 1699 626 1775 philosophi
666 1700 769 1774 qui
797 1701 1130 1760 nominales
1158 1701 1443 1776 appellati
1470 1713 1621 1774 sunt,
1666 1703 1781 1760 hac
1809 1703 1871 1760 in
1900 1720 1967 1760 re
1996 1721 2126 1760 non
2156 1701 2267 1757 nisi

286 1788 730 1847 distinctionem
771 1789 1015 1849 rationis
1057 1789 1463 1849 ratiocinantis
1504 1791 1886 1863 admiserunt,
1938 1811 2125 1866 quam
2168 1808 2266 1847 no·

282 1877 564 1937 minalem
606 1889 841 1950 vocant,
887 1879 1321 1939 contendentes
1365 1880 1481 1939 Dei
1523 1879 1801 1939 attributa
1840 1881 1975 1939 solo
2016 1879 2263 1939 nomine

282 1966 589 2041 distingui,
646 1966 728 2024 ita
782 1978 843 2025 ut
899 1968 1102 2026 omnia
1147 1968 1428 2040 nomina,
1488 1987 1642 2043 quae
1685 1970 1965 2028 attributa
2008 1970 2129 2028 Dei
2173 1988 2261 2027 ex·

286 2055 564 2131 primunt,
610 2073 944 2131 synonyma
985 2075 1115 2115 esse
1157 2058 1399 2116 vellent.

404 2150 458 2227 c)
502 2153 733 2212 Scholae
773 2164 971 2213 autern
1014 2154 1309 2213 sententia
1349 2155 1500 2213 thesi
1541 2164 1745 2213 nostra
1786 2154 2153 2230 exprimitur.

401 2303 606 2353 'rhesis
643 2304 919 2366 probatio.
1009 2316 1056 2353 1.
1100 2296 1269 2352 Inter
1305 2296 1432 2353 Dei
1468 2296 1750 2352 attributa
1790 2314 1904 2353 non
1932 2303 2129 2371 potest
2166 2296 2256 2353 ad-

280 2386 431 2440 mitti
467 2384 744 2441 dis-tinctio
784 2386 975 2441 realis.
1061 2384 1378 2442 Distinctio
1423 2384 1584 2442 enim
1628 2384 1802 2442 realis
1843 2402 1968 2443 non
2014 2396 2105 2443 est
2146 2384 2253 2442 nisi
2349 2460 2350 2467 ἵ

279 2472 432 2530 inter
473 2491 599 2530 rem
643 2482 701 2530 et
742 2490 888 2530 rem.
956 2475 1025 2529 In
1070 2474 1209 2532 Deo
1249 2484 1471 2543 autem,
1526 2483 1773 2549 propter
1815 2473 1940 2531 eius
1982 2473 2253 2549 simplici·

279 2571 476 2633 tatem,
524 2579 676 2635 quae
708 2561 966 2620 excludit
995 2561 1493 2637 compositionem
1524 2561 1847 2637 physicam,
1891 2580 2019 2621 non
2063 2572 2251 2639 potest

279 2650 509 2707 admitti
551 2650 682 2707 talis
724 2650 1042 2709 distinctio.
2349 2640 2350 2655 ¹

404 2769 453 2806 2.
499 2748 641 2805 Non
693 2748 915 2824 sufficit
965 2750 1245 2807 destinctio
1296 2750 1541 2806 ratiom's
1592 2750 2000 2806 ratiocinantzk.
2099 2751 2248 2807 Nam

279 2836 578 2896 distinctio
633 2838 762 2908 illa,
823 2853 1004 2914 quam
1061 2840 1336 2914 ponimus
1391 2855 1443 2895 e.
1489 2856 1544 2912 g.
1602 2837 1758 2895 inter
1808 2838 2141 2897 bonitatem
2196 2849 2250 2895 et

277 2926 553 2985 iustitiam
583 2926 716 2998 Dei,
761 2944 887 2984 non
916 2929 979 2984 fit
1007 2926 1135 2985 sine
1165 2926 1553 2984 fundamento
1586 2926 1649 2983 in
1679 2943 1758 2997 re,
1791 2926 1960 3000 quasi
1992 2929 2247 2987 eundem

279 3026 638 3091 conceptum
696 3015 1008 3074 arbitrario
1065 3017 1249 3075 modo
1306 3015 1397 3073 bis
1452 3032 1811 3089 poneremus
1868 3018 1967 3073 vel
2022 3017 2247 3075 duabus

278 3104 522 3163 vocibus
551 3104 796 3163 diversis
826 3104 1323 3179 exprimeremus3
1364 3104 1472 3162 sed
1499 3105 1564 3162 fit
1590 3121 1683 3175 e0,
1728 3104 1893 3179 quod
1922 3116 2243 3182 conceptus

276 3193 602 3251 obiectivus
643 3192 924 3251 bonitatis
953 3193 1070 3251 Dei
1111 3194 1287 3251 nobis
1329 3203 1735 3268 repraesentat
1774 3202 1948 3250 notas
1985 3194 2243 3253 diversas

403 3382 417 3410 ¹
457 3385 531 3430 Cf.
572 3385 671 3431 vol.
711 3385 751 3441 I,
793 3395 892 3442 247
934 3401 1044 3447 sqq.
