2367 3850
310 221 327 256 1
340 208 408 270 64
934 219 1269 256 Tnaotoom
1308 211 1648 256 NATURALIS.

424 385 477 441 3.
536 365 1047 426 Sentinzentalzktae
1104 385 1248 426 vero
1309 367 1429 426 dici
1487 376 1738 443 possunt
1796 363 2144 441 philosophi
2200 363 2296 420 mi

302 473 529 528 omneS,
579 457 682 532 qui
722 458 877 517 duce
920 456 1079 516 Reid
1102 458 1119 490 ²
1163 457 1402 516 diverso
1444 456 1632 515 modo
1675 455 1904 514 docent
1943 473 2058 512 nos
2101 471 2282 512 caeca

301 545 563 621 quadam
622 545 1146 605 sentimentalitate
1204 547 1300 605 vel
1359 545 1716 622 impulsione
1777 553 2025 603 coactos
2087 544 2284 602 Deum
2357 557 2360 560 ·

304 652 433 694 esse
478 635 809 696 admittere.
1330 627 1333 634 Δ

423 733 543 792 Sed
585 734 766 791 talem
809 750 1048 792 sensum
1089 751 1302 792 revera
1343 723 1652 805 exsistere,
1710 732 1875 790 nulla
1916 730 2287 807 experientia

301 822 499 893 docet,
544 821 730 881 immo
774 831 984 898 contra
1020 823 1188 880 Kant
1228 821 1533 880 statuimus
1573 822 1776 879 omnia
1815 819 2036 878 iudicia
2077 829 2287 876 nostra

302 922 495 983 certa,
552 912 648 969 vel
703 912 834 987 ipsa
885 911 1107 970 iudicia
1159 911 1498 970 necessaria
1515 957 1531 983 ,
1589 910 1730 969 oriri
1785 928 1908 968 non
1966 927 2041 967 ex
2099 926 2288 967 caeca

300 1001 583 1076 synthesi,
626 1001 733 1060 sed
774 1017 846 1059 ex
884 1001 1019 1076 ipsa
1060 999 1362 1060 evidentia
1400 999 1697 1058 obiectiva
1724 998 1909 1058 menti
1939 1016 2074 1058 sese
2103 997 2288 1056 mani-

301 1088 553 1148 festante
578 1090 615 1148 ².

422 1209 477 1261 4.
535 1189 697 1246 Inter
720 1188 986 1263 fideistas
1026 1187 1291 1262 denique
1333 1217 1411 1226 —-
1451 1197 1515 1245 ut
1553 1197 1786 1246 veteres
1811 1184 2078 1243 fideistas
2121 1185 2291 1243 omit-

300 1287 509 1348 tamuS,
538 1277 617 1356 de
648 1277 861 1352 quibus
888 1276 950 1333 in
978 1277 1178 1352 logica
1197 1277 1220 1310 ⁸
1246 1294 1443 1336 sermo
1472 1286 1600 1335 erat
1618 1305 1696 1314 —-
1715 1274 2016 1333 numerari
2035 1286 2288 1350 possunt

302 1367 494 1424 Iacobi
526 1376 591 1424 et
630 1366 818 1424 Kuhn
856 1365 917 1423 in
964 1365 1311 1425 Germania.
1394 1366 1669 1440 Uterque
1712 1364 1790 1423 de
1842 1364 2106 1422 naturali
2153 1382 2290 1440 qua-

302 1455 443 1514 dam
484 1456 745 1530 loquitur
781 1456 909 1531 fide
950 1449 1355 1530 («Glauben>›)
1374 1500 1388 1526 ,
1445 1473 1564 1529 qua
1618 1453 1950 1512 intellectus
2009 1454 2071 1511 in
2119 1454 2292 1510 ratio-

303 1544 473 1602 ciniis
530 1543 647 1602 suis
702 1544 1009 1603 adiuvetur
1066 1554 1126 1603 et
1180 1544 1350 1619 quasi
1403 1545 1683 1602 firmetur.
1769 1543 2027 1600 Diverso
2084 1553 2290 1600 tamen

304 1633 489 1692 modo
530 1650 659 1692 rem
701 1632 1017 1708 explicant.

424 1731 617 1788 Iacobi
632 1730 793 1789 enim
812 1741 1051 1806 praeter
1068 1729 1456 1805 intellegendi
1477 1730 1817 1788 facultatem
1834 1723 2290 1802 («Verstand»)‚

303 1838 422 1894 qua
462 1818 887 1877 ratiocinamur
901 1866 915 1891 ,
973 1819 1153 1877 alium
1193 1819 1367 1895 ponit
1407 1820 1468 1877 in
1510 1818 1687 1877 nobis
1741 1818 2080 1875 intellectum
2123 1837 2292 1892 quen-

302 1908 434 1966 dam
488 1909 830 1985 superiorem
888 1901 1308 1985 (‹<Vernunft»)
1326 1954 1339 1979 ,
1398 1909 1500 1984 qui
1547 1908 1744 1967 Deum
1800 1906 2154 1965 immediate
2211 1907 2296 1964 in-

302 2006 531 2057 tueatur
574 2008 633 2057 et
675 1998 838 2057 cuius
879 2007 1039 2056 tactu
1068 1992 1419 2074 («Geffih1>›)
1463 1998 1794 2056 intellectus
1835 1996 2087 2055 inferior
2117 1997 2295 2072 quasi

303 2086 551 2145 ducatur
594 2097 653 2145 et
694 2088 771 2146 ab
817 2086 1106 2146 atheismo
1148 2096 1437 2146 arceatur.

422 2186 607 2243 Kulzn
650 2193 859 2244 contra
900 2185 1073 2260 ponit
1114 2185 1177 2243 in
1218 2193 1420 2243 mente
1462 2183 1660 2243 ideam
1699 2183 2004 2258 quandam
2043 2182 2168 2241 Dei
2213 2185 2299 2241 in·

302 2283 536 2345 natam,
596 2292 748 2349 quae
790 2292 865 2333 ex
906 2292 969 2333 se
1010 2292 1137 2332 non
1178 2273 1253 2333 sit
1295 2273 1560 2349 cognitio
1602 2272 1737 2344 Dei,
1795 2272 1902 2331 sed
1948 2270 2191 2329 initium
2239 2284 2296 2330 et

304 2362 665 2438 principium
708 2362 1066 2439 cognitionis
1094 2361 1320 2438 ipsius,
1406 2361 1689 2437 Cognitio
1747 2360 1907 2420 enim
1949 2360 2072 2419 Dei
2127 2360 2298 2419 iuxta

303 2450 465 2509 illum
506 2453 571 2509 fit
612 2469 684 2510 ex
728 2452 1210 2512 consideratione
1251 2450 1460 2509 mundi
1488 2450 1596 2510 sub
1638 2450 1860 2508 lumine
1889 2448 2063 2507 huius
2091 2448 2296 2508 ideae.

304 2541 505 2598 Potest
547 2551 743 2599 autem
784 2542 937 2599 haec
977 2540 1114 2599 idea
1156 2540 1464 2599 obscurari
1481 2537 1509 2611 ,'
1551 2539 1874 2597 moralibus
1917 2536 2152 2597 scilicet
2196 2540 2298 2597 de-

305 2628 574 2700 fectibuS,
605 2629 687 2687 ita
714 2640 778 2687 ut
804 2631 965 2705 apud
986 2648 1107 2702 eOS,
1143 2629 1246 2703 qui
1279 2628 1582 2705 «spiritum
1611 2628 2003 2687 maculatum»
2039 2628 2293 2699 habent,

304 2718 499 2776 omnis
542 2718 971 2777 demonstratio
1014 2720 1091 2777 de
1135 2720 1272 2776 Deo
1315 2718 1531 2777 effectu
1573 2728 1790 2778 careat.

425 2826 520 2882 De
563 2843 681 2899 qua
722 2843 881 2883 nova
922 2824 1175 2884 fideismi
1219 2824 1412 2883 forma
1453 2824 1607 2883 haec
1649 2833 1785 2881 sunt
1824 2823 2123 2882 dicenda:

433 2942 481 2981 1.
525 2921 719 2981 Iacobi
768 2924 1042 2979 sententia
1078 2916 1134 2995 a)
1164 2920 1375 2981 iisdem
1405 2922 1636 2980 laborat
1663 2922 2084 2994 incommodiS,
2129 2940 2293 2997 quae

304 3009 424 3067 iam
476 3010 539 3067 in
591 3010 991 3086 ontologismo
1046 3010 1572 3086 reprehendimus3
1625 3005 1688 3084 b)
1731 3028 1806 3068 ex
1860 3010 2294 3069 contrarietate
2364 3076 2366 3091 Ι

305 3098 421 3170 illa,
467 3116 647 3175 quam
678 3099 850 3176 ponit
883 3096 1046 3159 'inter
1072 3100 1364 3159 rationem
1408 3111 1469 3159 et
1500 3100 1864 3159 intellectum
1895 3101 2292 3175 superiorem,

433 3315 450 3346 ¹
488 3318 565 3365 cf.
606 3333 756 3380 supra
792 3334 843 3381 p.
882 3318 968 3376 68.
1117 3316 1139 3348 ⁹
1178 3319 1256 3368 Cf.
1296 3318 1395 3367 vol.
1436 3320 1476 3379 1,
1516 3320 1634 3368 item
1671 3335 1824 3384 supra
1861 3336 1914 3379 p.
1955 3320 2043 3369 68.

429 3394 450 3424 ³
487 3394 602 3443 Vol.
641 3396 681 3446 Ι.
727 3408 841 3441 122.
