2367 3850
325 245 391 295 32
767 240 1262 284 ANTHROPOLOGIA.
1327 226 1463 283 PA'RS
1503 245 1846 284 ANALYTICA.

322 394 599 453 centralis
638 394 733 453 vel
775 395 870 469 fig.
915 413 953 466 4
995 395 1041 452 d
1074 404 1134 453 et
1175 397 1271 470 fig.
1316 416 1351 470 9
1382 389 1435 467 b)
1479 394 1759 454 dividitur
1799 396 1861 453 in
1904 395 2081 463 lobes,
2140 392 2274 451 inter

321 501 472 558 quos
517 483 877 559 principales
920 494 1080 542 sunt:
1125 485 1298 542 lobus
1339 484 1607 542 frontalis
1651 479 1767 559 (fig.
1816 501 1845 560 5
1893 502 1948 554 c,
1992 485 2088 559 fig.
2136 485 2169 540 6
2210 478 2273 554 a),

321 573 490 631 Iobus
520 572 818 649 parietalis
848 567 965 648 (fig.
1000 588 1029 648 5
1062 573 1116 643 d,
1161 575 1258 647 fig.
1293 575 1326 630 6
1357 567 1421 647 c),
1465 574 1637 631 lobus
1667 572 1996 648 occipitalis
2026 568 2145 646 (fig.
2182 587 2208 646 5
2239 589 2273 639 e,

320 663 416 738 fig.
451 664 484 719 6
515 657 595 736 d),
638 663 810 721 lobus
837 661 1180 737 temporalis
1211 658 1326 737 (fig.
1360 665 1394 719 6
1425 655 1496 736 b).
1554 663 1626 719 In
1668 661 1914 721 diversis
1934 660 2099 719 'vero
2142 659 2276 717 lobis

320 751 433 810 illis
479 752 620 826 gyri
656 762 974 810 occurrunt
1016 751 1137 811 sive
1181 749 1518 809 confractus
1560 744 2137 825 (circon‘volutions),
2192 748 2275 822 qui

1671 839 1847 898 sulcis
1913 841 2007 897 vel
2076 839 2278 898 fissuris

1664 929 1860 986 multis
1900 928 2056 986 inter
2096 946 2162 986 se
2208 944 2278 984 se-

1664 1017 1853 1092 parati
1874 1028 2007 1076 sunt
2023 1012 2139 1092 (fig.
2158 1036 2193 1088 4
2209 1035 2276 1085 cc,

1664 1108 1760 1181 fig.
1808 1109 1842 1163 6
1877 1102 1961 1180 g).

1738 1196 1909 1253 Duae
1925 1194 2276 1269 hemisphae-

1665 1301 1767 1342 rae
1834 1284 2101 1359 partibus
2171 1284 2278 1357 qui·
2329 1292 2330 1309 ²

1665 1371 1918 1431 busdam
1927 1372 2277 1446 coniungun-

1586 1526 1587 1529 ,
1665 1473 1772 1532 tur,
1805 1479 1960 1536 quae
1988 1471 2150 1520 sunt:
2180 1479 2277 1518 cor-

1653 1559 1767 1626 pus
1807 1551 2072 1609 callosum
2101 1545 2216 1624 (fig.
2249 1567 2272 1624 5

1664 1640 1711 1709 b,
1743 1640 1839 1714 fig.
1864 1660 1899 1714 9
1927 1635 1993 1713 c),
2026 1638 2277 1696 commis·

1663 1745 1798 1785 sura
1826 1729 2098 1787 anterior
2115 1723 2226 1802 (fig.
2250 1742 2272 1801 5

1662 1812 1739 1890 a),
1772 1817 2159 1874 commissura
2175 1833 2278 1874 me·

1664 1904 1764 1964 dia
1798 1901 1915 1981 (fig.
1948 1927 1984 1981 9
2014 1901 2095 1980 d),
2136 1923 2277 1964 com-

1664 1994 1913 2053 missura
1954 1995 2254 2070 posterior.

1745 2086 1818 2140 In
1859 2094 1985 2142 tota
2026 2101 2168 2143 vero
2204 2101 2282 2140 ce·
2327 2076 2328 2080 ’

1665 2172 1823 2230 rebri
1853 2192 2050 2231 massa
2078 2173 2280 2247 duplex

1665 2260 2279 2337 distinguipotestsub·

1664 2350 1906 2408 stantia:
1939 2369 2189 2425 quarum
2216 2350 2280 2407 al-

1667 2447 1796 2497 tera
1816 2485 1829 2510 ,
1881 2441 2103 2497 cinerea
2154 2438 2286 2498 scili-

1671 2538 1766 2585 cet
1833 2529 1929 2586 vel
2007 2529 2283 2592 corticellis,

1675 2616 1971 2674 invenitur
2022 2616 2084 2675 in
2135 2627 2286 2692 parte

325 2706 647 2777 exteriore,
711 2723 864 2781 quae
908 2704 1076 2780 quasi
1117 2715 1321 2764 cortex
1366 2706 1786 2763 nonnullorum
1830 2706 2286 2764 millimetrorum

324 2805 507 2853 totum
549 2791 878 2854 cerebrum'
903 2795 1233 2853 circumdat
1274 2791 1390 2870 (fig.
1424 2816 1459 2870 9
1503 2789 1616 2869 A);
1660 2786 1845 2852 altera
1886 2806 2102 2866 autem,
2148 2810 2287 2870 quae

325 2893 413 2942 est
454 2884 778 2943 substantia
817 2885 950 2942 alba
990 2884 1112 2941 sive
1155 2884 1485 2942 medullam
1499 2929 1517 2953 ,
1576 2882 1871 2941 invenitur
1912 2883 1989 2940 in·
2018 2884 2286 2942 interiore

325 2982 493 3048 parte
538 2968 653 3047 (fig.
687 2994 722 3048 9
752 2967 854 3047 B).
926 2972 1019 3031 Ibi
1060 2983 1280 3043 tamen,
1329 2972 1391 3029 in
1437 2972 1715 3030 interiore
1759 2972 1986 3030 scilicet
2028 2974 2284 3036 cerebro,
2325 3044 2326 3051 ἵ

326 3062 705 3120 inveniuntur
747 3062 923 3120 etiam
953 3063 1136 3120 nuclei
1160 3061 1406 3137 quidam
1436 3063 1634 3120 coloris
1661 3063 1882 3129 cinerei,
1926 3070 1990 3120 ut
2016 3062 2287 3119 thalamus
2325 3080 2326 3104 ι

327 3154 537 3227 opticus
578 3147 694 3227 (fig.
736 3171 771 3225 9
811 3145 859 3225 e)
903 3161 963 3209 et
1002 3152 1249 3209 nucleus
1290 3150 1644 3209 lentiformis
1688 3146 1807 3225 (fig.
1852 3171 1887 3225 9
1917 3146 2016 3225 f),
2063 3150 2179 3208 alii.

456 3262 508 3299 2.
555 3248 924 3307 Cerebellum,
968 3241 1076 3298 sub
1104 3239 1434 3315 posteriore
1476 3250 1644 3315 parte
1675 3238 1860 3296 cranii
1891 3250 1980 3297 est
2008 3235 2126 3315 (fig.
2160 3259 2191 3314 3
2220 3239 2283 3306 B,

328 3330 426 3403 fig.
461 3345 489 3404 5
522 3330 600 3397 B,
631 3331 728 3402 fig.
762 3330 796 3383 6
825 3324 937 3401 D).
998 3329 1158 3385 Sicut
1188 3329 1501 3386 cerebrum
1528 3326 1589 3384 in
1620 3328 1766 3385 duas
1796 3338 1993 3402 partes
2023 3329 2284 3403 aequales

331 3418 425 3475 vel
465 3416 908 3491 hemisphaeras
952 3415 1246 3473 dividitur.

401 2505 496 2555 Fig.
529 2520 567 2555 4.
601 2505 854 2569 *cerebrum
882 2520 935 2546 ex
963 2514 1083 2557 parte
1111 2506 1329 2557 superiore
1358 2507 1589 2549 obiectum.

321 2598 382 2625 aa
410 2584 769 2637 Hemisphaerae,
802 2585 827 2625 b
854 2584 1005 2625 fissura
1032 2585 1168 2636 pallii,
1199 2599 1244 2626 cc
1268 2586 1383 2638 gyri,
1414 2587 1449 2627 d
1473 2586 1629 2627 sulcus.
