2367 3850
261 220 362 271 232
817 267 822 272 ,
891 219 1229 256 τΗΕοιοοιΑ
1269 220 1607 257 NATURALIS.

258 385 493 425 cursum
535 385 702 426 suum
746 368 823 426 ab
865 377 1111 428 aeterno
1167 368 1441 427 decernit
1464 369 1515 442 ¹3
1570 379 1629 426 et
1682 368 1765 426 ad
1818 367 2230 444 explicandam

260 475 427 516 suam
471 457 824 517 sententiam
867 467 1106 516 utuntur
1146 456 1262 516 hac
1306 458 1587 516 formula:
1632 458 1809 531 Quae
1850 458 2051 515 futma
2089 465 2231 524 sunt,

259 563 384 603 non
423 545 733 622 praevidet
772 548 967 618 DeuS,
1025 546 1169 622 quia
1224 548 1415 605 futura
1470 556 1634 619 sunt,
1690 547 1801 606 sed
1855 546 2007 606 ideo
2054 545 2236 604 futura

261 646 412 706 sunt,
456 635 601 710 quia'
639 637 803 694 Deus
845 654 918 694 ea
957 636 1285 712 praevidet.

382 725 616 782 Futura
656 743 791 784 vero
831 727 1012 784 libera
1051 726 1437 784 condicionata
1475 725 1616 784 item
1660 727 1825 784 Deus
1878 725 2117 785 scientia
2166 725 2237 782 vi·

256 816 435 872 sionis
477 815 791 890 cognoscit
830 814 891 872 in
935 814 1052 873 suis
1093 814 1351 874 decretis
1392 814 2079 890 praedeterminantibus
2108 831 2237 870 con-

261 922 512 975 cursum,
549 923 746 978 quem,
778 904 974 980 posita
1001 904 1203 980 aliqua
1230 903 1609 975 condicione,
1640 904 1883 964 daturus
1910 913 2094 963 esset.
2146 903 2239 959 Su·

263 1011 490 1052 mamus
532 995 900 1070 exemplum:
948 993 1010 1052 Si
1047 994 1315 1054 Christus
1355 993 1589 1069 patiens
1616 994 1827 1056 Iudam
1870 993 2235 1069 respexisset,

260 1083 438 1141 Iudas
498 1083 577 1140 ad
636 1083 1064 1158 paenitentiam
1125 1101 1447 1142 conversus
1508 1092 1681 1142 esset.
1763 1084 1957 1141 Actus
2028 1082 2239 1140 liberos

264 1172 482 1231 Christi
525 1172 736 1230 Iudam
777 1171 1167 1248 respicientis,
1212 1181 1274 1232 et
1300 1172 1487 1230 Iudae
1529 1171 1608 1230 ad
1648 1171 2088 1248 paenitentiam
2120 1188 2234 1228 sese

263 1261 694 1331 convertentiS,
753 1279 890 1320 cum
945 1280 1275 1336 numquam
1330 1260 1548 1320 fuerint
1599 1271 1734 1319 actu
1788 1279 1907 1320 nec
1957 1278 2237 1335 umquam

261 1351 437 1410 futuri
479 1350 623 1421 sint,
669 1353 831 1408 Deus
875 1350 1122 1410 scientia
1163 1350 1446 1427 simplicis
1487 1350 1931 1426 intellegentiae
1974 1360 2041 1409 ut
2083 1367 2233 1407 mere

263 1439 568 1516 possibilia
609 1441 671 1497 in
713 1459 818 1498 sua
859 1439 1114 1498 essentia
1154 1438 1334 1499 videt.
1420 1440 1540 1498 Sed
1581 1459 1707 1499 non
1763 1441 1957 1515 agitur
2013 1438 2116 1497 hic
2168 1438 2233 1496 de

264 1529 376 1588 illis
430 1530 688 1601 actibus,
747 1540 809 1588 ut
863 1539 998 1588 sunt
1037 1547 1203 1588 mere
1259 1529 1603 1605 possibiles:
1664 1528 1855 1605 agitur
1910 1530 1989 1588 de
2048 1527 2233 1603 cogni-

263 1618 425 1677 tione
468 1629 633 1677 certa
673 1636 858 1677 nexus
875 1664 888 1689 ,
947 1617 1048 1693 qui
1103 1628 1195 1678 est
1244 1618 1399 1678 inter
1450 1619 1809 1694 positionem
1867 1617 2234 1678 condicionis

271 1709 368 1766 «Si
423 1707 688 1772 Christus
741 1707 975 1783 patiens
1028 1708 1239 1766 Iudam
1296 1709 1679 1784 respexisset»
1745 1719 1805 1767 et
1864 1723 2234 1783 consequens

271 1798 482 1856 «Iudas
523 1795 950 1873 paenitentiam
993 1795 1267 1872 egisset».
1348 1799 1477 1855 Iam
1519 1815 1661 1856 vero
1703 1796 1801 1856 hic
1857 1815 2106 1872 quoque
2164 1796 2234 1854 di-

265 1887 525 1945 cendum
593 1894 682 1946 est
740 1887 938 1944 Deum
1007 1903 1376 1961 cognoscere
1446 1904 1583 1948 cum
1652 1886 2011 1945 certitudine
2082 1884 2233 1943 illurn

267 1995 486 2035 nexum
527 1975 590 2032 in
632 1993 704 2037 se.
737 1974 868 2050 ipso
886 2020 900 2047 ,
959 1984 1018 2034 et
1059 1975 1305 2049 quidem
1346 1978 1408 2034 in
1462 1976 1593 2052 ipsa
1646 1976 1747 2033 illa
1801 1975 2065 2047 ratione,
2128 1993 2233 2049 qua

265 2069 358 2137 fit,
403 2076 466 2124 ut
483 2111 496 2136 ,
543 2064 736 2140 posita
778 2063 1140 2124 condicione
1183 2064 1403 2123 Christi
1444 2066 1655 2124 Iudam
1709 2065 2114 2141 respicientiS,
2158 2065 2235 2120 Iu-

267 2156 375 2213 das
432 2152 859 2230 paenitentiam
914 2162 1067 2228 agat.
1153 2156 1341 2212 Porro
1394 2164 1641 2230 propter
1682 2155 2019 2214 libertatem
2060 2154 2230 2212 Iudae

268 2244 368 2302 illa
428 2244 580 2301 ratio
641 2243 937 2301 sufficiens
1006 2260 1130 2300 non
1202 2253 1289 2301 est
1356 2244 1418 2302 in
1486 2243 1784 2319 positione
1848 2243 2231 2312 condicionis

268 2333 375 2391 sed
431 2340 519 2391 est
573 2331 636 2388 in
691 2349 798 2389 usu
853 2331 1139 2389 libertatis
1200 2332 1400 2391 Iudae.
1486 2332 1747 2403 Proinde
1808 2331 2075 2407 cognitio
2130 2329 2229 2389 Dei

267 2424 429 2481 circa
483 2439 650 2479 usum
705 2420 874 2478 huius
928 2420 1215 2479 libertatis
1274 2420 1553 2479 fundatur
1610 2422 1673 2479 in
1728 2422 1962 2481 ratione
2022 2421 2229 2487 ultima,

267 2531 304 2568 a
347 2530 466 2585 qua
505 2510 636 2569 talis
678 2528 813 2567 usus
855 2527 1022 2569 suam
1072 2510 1382 2567 entitatem
1422 2510 1629 2583 habet,
1687 2512 1726 2569 i.
1770 2529 1823 2570 e.
1880 2509 1943 2567 in
1998 2511 2227 2569 decreto

269 2602 387 2659 Dei
455 2600 644 2659 libero
667 2644 681 2669 ,
754 2615 904 2673 (μω,
977 2598 1172 2673 posita
1240 2600 1343 2657 tali
1413 2600 1805 2670 condicione,
1888 2616 2231 2659 concursum

269 2708 436 2749 suum
492 2698 982 2765 praemoventem
1037 2689 1114 2746 ab
1171 2698 1419 2747 aeterno
1476 2706 1539 2747 se
1594 2689 1868 2747 daturum
1914 2689 2091 2748 fuisse
2144 2687 2231 2745 de-

270 2778 473 2839 crevit.

391 2867 512 2927 Sed
553 2876 764 2925 contra
801 2866 960 2924 hanc
1002 2866 1411 2925 thomistarum
1448 2868 1804 2926 sententiam
1842 2866 2095 2926 eaedem
2120 2882 2230 2923 mo-

270 2956 486 3015 liuntur
527 2956 920 3026 difficultateS,
964 2973 1114 3029 >quas
1155 2956 1275 3013 iam
1312 2974 1491 3030 supra
1517 2955 1996 3027 memoravimuS,
2039 2954 2137 3015 ubi
2161 2952 2227 3010 de

269 3044 686 3122 praemotione
727 3043 975 3119 physica
1017 3042 1269 3107 diximus
1292 3045 1329 3103 ².
1680 3069 1683 3072 ·

396 3244 415 3277 ¹
454 3248 531 3297 Cf.
571 3264 723 3311 supra
772 3246 1121 3296 thomistarum
1173 3244 1475 3293 sententiam
1526 3246 1661 3295 circa
1710 3246 2041 3307 coucursum,
2096 3258 2225 3311 quem

273 3327 414 3373 Deus
449 3324 664 3387 praebet
695 3326 888 3373 homini
915 3326 980 3373 ad
1005 3334 1144 3373 actus
1169 3325 1357 3373 liberos
1383 3326 1693 3375 exercendos
1719 3342 1771 3391 p.
1801 3326 1904 3375 216
1930 3336 1983 3375 et
2010 3340 2110 3375 220
2131 3340 2220 3389 sqq.

396 3399 416 3430 ²
455 3402 530 3449 Cf.
572 3418 724 3465 supra
759 3420 808 3465 p.
852 3416 970 3463 219.
1783 3405 1790 3410 ³
