2367 3850
1043 11 1056 20 ⁹
1145 13 1199 18 ““““
1220 13 1255 16 ““
1268 13 1277 16 ’
1288 11 1346 36 ἻΡ
1358 11 2367 75 ΤἮἜΉπῬ-’,Ίπᾙ

1513 75 1524 80 -
1779 65 1791 74 ·
1922 56 1935 68 '
2034 69 2047 82 ο
2085 65 2087 67 ’
2152 66 2163 75 ·

292 266 395 317 302
871 267 1102 304 ETHICA.
1162 259 1300 304 PARS
1340 267 1673 305 GENERALIS.

404 417 531 474 Lex
573 425 770 475 autem
812 416 1093 474 naturalis
1134 414 1196 474 in
1239 434 1348 475 suo
1390 415 1800 487 fundamentO,
1845 416 1884 474 i.
1917 432 1969 474 e.
2013 414 2076 473 in
2111 415 2272 486 De0,

286 505 665 564 considerata
718 503 865 562 nihil
921 504 1080 563 aliud
1138 513 1228 564 est
1277 505 1392 564 nisi
1446 524 1583 581 pars
1639 505 1942 580 quaedam
1989 503 2139 579 legis
2181 523 2278 562 ae·

284 602 509 653 ternae.
567 594 953 671 Quapropter
994 613 1031 652 a
1072 593 1129 652 S.
1174 596 1444 653 Doctore
1485 594 1794 653 definitur:
1857 593 2275 670 «participatio

285 684 433 759 legis
472 694 755 743 aeternae
794 685 856 742 in
899 683 1175 743 rationali
1217 673 1523 742 creatura»
1559 685 1592 743 ¹.

396 774 533 831 Lex
574 784 771 832 autem
814 783 1059 832 aeterna
1074 819 1088 845 ,
1146 773 1197 832 si
1237 774 1515 831 latissima
1555 792 1662 832 sua
1701 771 2146 848 significatione
2189 791 2278 831 su-

284 861 490 934 mitur,
547 881 584 920 a
626 863 682 920 S.
729 863 999 921 Doctore
1040 862 1346 934 definitur,
1390 873 1456 921 ut
1495 863 1598 922 sit:
1663 863 1854 920 «ratio
1898 863 2136 920 divinae
2189 881 2276 919 sa-

271 953 544 1027 pientiae,
599 953 897 1010 secundum
948 953 1106 1027 quod
1150 959 1236 1010 est
1289 953 1564 1011 directiva
1619 962 1876 1011 omnium
1935 959 2170 1010 aduam
2226 959 2281 1008 et

284 1043 621 1099 motionum»
652 1041 691 1099 ².

403 1131 651 1206 Proprie
691 1141 891 1189 tamen
922 1129 1071 1190 ratio
1101 1131 1340 1190 divinae
1370 1131 1699 1207 sapientiae
1727 1129 1944 1189 dicitur
1971 1131 2088 1202 lex,
2134 1148 2278 1205 qua-

280 1223 453 1279 te'nus
496 1221 750 1278 refertur
790 1220 868 1278 ad
910 1220 1306 1280 directionem
1345 1227 1570 1278 actuum
1610 1222 1820 1279 entium
1875 1221 2272 1278 rationalium.

282 1309 589 1368 Strictiore
630 1308 887 1385 proinde
928 1309 1047 1368 hoc
1088 1327 1266 1369 sensu
1320 1311 1417 1368 lex
1457 1320 1703 1370 aeterna
1748 1329 1784 1367 a
1825 1310 1884 1367 S.
1931 1309 2276 1384 Augustino

280 1399 585 1458 definitur:
635 1400 822 1456 «ratio
847 1399 1047 1457 divina
1070 1400 1167 1458 vel
1186 1401 1450 1458 voluntas
1477 1398 1616 1468 Dei,
1659 1400 1913 1458 ordinem
1939 1400 2276 1456 naturalem

280 1490 608 1548 conservari
643 1489 837 1546 iubens
876 1494 933 1544 et
953 1490 1303 1564 perturbari
1336 1492 1569 1548 vetabis»
1600 1490 1637 1547 ⁸.

402 1579 493 1636 Ex
549 1578 761 1652 quibus
816 1577 1093 1636 omnibus
1147 1576 1540 1655 intellegitur,
1599 1597 1705 1636 cur
1759 1598 1795 1637 a
1833 1577 1944 1635 Pio
1988 1578 2076 1635 IX
2138 1594 2274 1652 pro·

279 1667 499 1743 scripta
558 1666 735 1725 fuerit
791 1665 943 1725 haec
1011 1667 1376 1743 propositio:
1455 1669 1776 1726 «Humana
1842 1666 1997 1725 ratio
2016 1713 2030 1738 ,
2101 1668 2272 1724 nullo

279 1774 519 1831 prorsus
548 1755 664 1814 Dei
707 1767 981 1833 respectu
1022 1755 1247 1829 habito,
1292 1757 1501 1816 unicus
1542 1768 1632 1816 est
1671 1756 1797 1815 veri
1833 1767 1896 1815 et
1923 1755 2075 1826 falsi,
2123 1756 2271 1814 boni

280 1855 339 1903 et
380 1846 521 1903 mali
562 1845 797 1916 arbiter,
842 1845 955 1904 sibi
996 1845 1108 1922 ipsi
1138 1856 1227 1905 est
1254 1849 1368 1919 lex,
1411 1858 1472 1906 et
1497 1847 1862 1904 naturalibus
1894 1846 2014 1904 suis
2041 1845 2270 1903 viribus

280 1935 358 1993 ad
398 1936 711 1993 hominum
752 1954 824 1993 ac
864 1938 1223 2011 populorum
1267 1938 1492 1996 bonum
1534 1937 1863 1995 curandum
1894 1935 2183 1994 sufficit.»

1112 2130 1319 2174 CAPUT
1361 2132 1420 2173 11.
1495 2142 1498 2147 ·

892 2238 1004 2295 DE
1048 2238 1626 2298 CONSCIENTIA.

1059 2388 1396 2437 AR‘mcuLus
1435 2400 1471 2436 1.

633 2500 1156 2571 CONSCIENTIAE
1194 2501 1422 2551 NOTIO
1462 2502 1886 2552 EVOLVITUR.

395 2622 439 2680 I.
503 2623 924 2683 Conscientiae
965 2642 1117 2683 voce
1159 2626 1468 2701 hucusque
1509 2625 1941 2686 conscientiam
1969 2626 2265 2701 psycbolo-

266 2712 463 2783 gicam‘
495 2712 951 2787 designavimus.
1025 2714 1200 2786 Quae
1243 2716 1574 2789 generatim
1615 2715 1922 2774 definitur:
1987 2715 2263 2784 facultas,

276 2819 394 2875 qua
436 2802 816 2876 operationes
857 2814 918 2862 et
968 2805 1320 2864 affectiones
1373 2817 1604 2864 nostras
1657 2805 1920 2863 internas
1969 2815 2036 2864 ut
2091 2824 2266 2881 prae-

274 2900 473 2948 sentes
532 2902 592 2949 et
646 2902 880 2951 nostras
940 2894 1465 2969 apprehendimus.
1549 2895 1788 2971 Duplex
1845 2912 1992 2952 vero
2055 2895 2263 2953 distin-

274 2978 496 3054 guitur:

398 3070 785 3129 Conscientia
856 3074 1124 3131 sensitiva
1200 3075 1317 3153 vel·
1363 3091 1570 3133 sensus
1639 3073 1907 3132 intimus:
1980 3073 2257 3144 facultaS‚

273 3176 393 3231 qua
434 3159 695 3218 sentiens
738 3162 1107 3219 sensationes
1149 3180 1283 3221 suas
1325 3181 1554 3235 omnes,
1597 3164 1782 3221 immo
1823 3180 2036 3221 omnes
2081 3164 2261 3221 affec-

398 3367 413 3397 ¹
455 3370 506 3416 S.
554 3369 742 3428 Thom„
784 3372 833 3418 S.
876 3371 1029 3419 theol.
1070 3373 1109 3431 Ι,
1149 3374 1215 3432 11,
1255 3391 1304 3437 q.
1346 3388 1428 3436 91,
1469 3392 1512 3423 a.
1555 3388 1603 3424 2.

396 3441 417 3472 ²
453 3446 584 3493 lbid.
624 3463 671 3507 q.
712 3460 797 3507 93,
838 3465 882 3497 a.
930 3461 971 3497 1.
1120 3448 1141 3480 ⁸
1178 3452 1370 3500 Contra
1408 3454 1578 3504 Faust.
1619 3455 1652 3503 1.
1693 3468 1777 3516 22,
1817 3471 1859 3505 c.
1901 3468 1988 3517 27.
