2367 3850
441 211 521 247 DE
563 211 984 250 SIMPLICITATE
1026 213 1100 250 ET
1139 213 1628 251 SPIRITUALITATE
1668 215 1784 252 Dm.
2020 215 2122 262 209

218 359 290 414 In
335 359 480 417 Deo
533 359 700 417 enim
755 378 886 419 non
944 372 1200 436 possunt
1252 379 1387 421 esse
1442 373 1645 437 partes
1700 363 2089 420 constitutivae
2114 363 2129 393 ¹

117 463 446 521 corporum,
493 449 750 506 materia
779 449 1016 508 scilicet
1043 460 1105 508 et
1147 451 1378 509 forma:
1431 450 1479 508 si
1510 452 1755 525 quidem
1796 450 1930 509 talis
1972 468 2130 509 com-

117 535 319 609 positio
363 548 672 612 repugnat
714 537 845 597 eius
888 539 1161 598 infinitae
1207 540 1588 614 perfectioni.

227 625 444 698 Neque
489 637 696 701 partes
735 629 1052 701 integrales
1078 630 1178 686 vel
1207 629 1597 702 integranteS.
1658 628 1939 702 Singulae
1969 627 2133 685 enim

117 722 300 771 essent
327 714 554 787 finitae,
589 724 650 774 et
676 715 950 774 «finitum
972 716 1052 774 ad
1072 716 1310 774 finitum
1330 716 1604 776 additum
1626 715 1811 775 efficit
1838 716 2126 773 finitum».

231 803 448 878 Neque
493 805 616 862 ulla
660 805 1032 880 compositio
1078 823 1153 863 ex
1183 815 1323 863 actu
1368 814 1429 863 et
1458 806 1728 880 potentia
1761 805 1825 862 in
1868 805 2002 880 ipso
2046 813 2132 860 est

124 888 238 966 (inf.
279 889 622 967 perfectio).

229 981 448 1056 Neque
494 981 863 1055 compositio
922 1000 998 1040 ex
1052 982 1317 1041 essentia
1360 992 1421 1040 et
1466 980 1811 1040 exsistentia
1854 975 2130 1054 (ascitas).

232 1069 448 1145 Neque
507 1070 884 1146 compositio
943 1089 1020 1128 ex
1076 1070 1341 1130 essentia
1390 1079 1453 1128 et
1495 1068 1965 1146 proprietatibus
2008 1063 2132 1142 (inf.

122 1153 446 1233 perfectio),
494 1170 612 1217 etc.

231 1249 305 1306 Et
346 1249 452 1306 illa
495 1249 752 1323 quidem
797 1247 878 1306 de
923 1248 1316 1324 simplicitate
1359 1246 1612 1323 physica
1640 1256 1700 1304 et
1728 1243 2137 1319 metaphysica

128 1338 230 1394 Dei
269 1347 441 1395 erant
485 1337 774 1396 dicenda.
870 1336 1086 1411 Qualis
1142 1355 1293 1394 vero
1352 1337 1427 1394 sit
1472 1335 1535 1393 in
1587 1335 1721 1410 ipso
1776 1331 2136 1408 compositio

129 1425 337 1500 logica,
383 1426 777 1502 intellegetur
821 1443 898 1484 ex
941 1425 1029 1498 iis,
1077 1443 1237 1500 quae
1282 1426 1447 1482 circa
1489 1422 1941 1481 distinctionem
1984 1417 2137 1476 attri-

135 1515 394 1573 butorum
441 1515 564 1574 Dei
607 1515 829 1573 dicturi
874 1534 1098 1573 sumus,

235 1629 388 1688 Pars
418 1631 508 1687 II.
563 1629 735 1688 Deus
775 1636 862 1687 est
885 1629 1213 1686 substantia
1242 1635 1554 1699 spiritualis
1580 1625 1989 1700 spiritualitate
2004 1630 2137 1696 per-

122 1718 285 1791 fecta,
329 1721 414 1777 ita
455 1728 522 1778 ut
567 1719 643 1777 sit
685 1718 931 1794 spiritus
974 1717 1209 1774 infinite
1255 1733 1455 1791 purus,

240 1809 522 1884 Sequitur
582 1825 658 1866 ex
716 1808 848 1866 eius
907 1805 1294 1880 simplicitate
1354 1815 1413 1862 et
1459 1801 1690 1859 infinita
1746 1798 2136 1874 perfectione,

136 1915 271 1971 quae
300 1897 502 1973 exigit,
551 1907 614 1955 ut
643 1914 771 1955 non
802 1896 1001 1955 solum
1029 1893 1393 1953 intrinsecus
1423 1890 1531 1951 sed
1561 1890 1741 1948 etiam
1770 1887 2135 1946 extrinsecus

134 1987 195 2043 sit
244 2006 278 2044 a
331 1987 596 2045 materia
628 1985 1108 2061 independens.
1211 1982 1390 2055 Quae
1454 1979 1701 2055 quidem
1764 1974 2137 2050 spiritualitas

135 2075 230 2149 ipsi
268 2074 596 2134 tribuenda
641 2084 734 2133 est
775 2075 1092 2131 eminenter
1111 2073 1148 2128 ².

185 2250 214 2316 ξ
251 2266 296 2302 2.
357 2254 682 2318 Quomodo
725 2252 956 2301 diversa
995 2250 1263 2299 attributa
1304 2247 1412 2295 Dei
1450 2246 1597 2294 inter
1633 2258 1697 2292 se
1736 2254 1961 2289 necnon
1999 2240 2070 2285 ab

552 2334 681 2397 ipsa
721 2332 982 2381 essentia
1020 2330 1217 2379 divina
1256 2328 1693 2387 distinguantur.

237 2466 464 2515 Thesis.
545 2457 717 2513 Inter
759 2455 1061 2513 essentiam
1103 2452 1233 2509 Dei
1269 2456 1327 2506 et
1378 2449 1495 2504 eius
1551 2444 1831 2501 attributa
1885 2447 1940 2497 et
1985 2440 2135 2495 inter

136 2546 342 2603 deversa
399 2546 692 2603 attributa
748 2545 954 2624 divina
1011 2538 1370 2598 admittenda
1427 2542 1511 2592 est
1560 2532 1839 2590 distinctio
1893 2528 2132 2584 rationis

136 2637 513 2703 ratiocinatae‚
560 2634 666 2691 sed
699 2631 1060 2709 imperfecta.

239 2768 435 2817 Status
475 2764 862 2829 quaestionis.
915 2752 1183 2827 Quando
1215 2751 1293 2808 de
1316 2750 1451 2805 Deo
1481 2744 1831 2820 cogitamuS,
1862 2739 2129 2797 diversos

139 2845 293 2903 nobis
335 2847 415 2905 de
459 2848 597 2923 ipso
643 2845 1037 2904 efformamus
1068 2846 1419 2912 conceptus,
1478 2834 1646 2891 Alius
1689 2841 1775 2888 est
1805 2847 1854 2887 e.
1886 2842 2127 2925 g.·con-

139 2946 325 3009 ceptus
366 2946 580 2994 noster
622 2934 703 2993 de
747 2930 1013 2993 essentia
1056 2928 1207 2999 Dei,
1254 2925 1431 2993 aliuS,
1482 2923 1559 2981 de
1602 2920 1782 2995 ipsius
1827 2919 2123 3014 bonitate3

142 3022 242 3081 alio
300 3035 609 3101 conceptu
679 3022 862 3082 nobis
921 3025 1443 3094 repraesentamus
1508 3009 1769 3069 divinam
1832 3007 2120 3073 iustitiam,

142 3112 260 3185 alic,
301 3113 570 3173 divinam
616 3108 1120 3171 misericordiam.

253 3306 268 3337 ¹
306 3311 386 3359 De
426 3308 648 3358 diversis
688 3305 927 3372 partibus
967 3301 1194 3368 physicis
1234 3296 1347 3345 vide
1384 3292 1484 3342 vol.
1525 3292 1563 3348 Ι,
1613 3290 1724 3337 181.

249 3387 269 3418 ²
305 3391 382 3440 Cf.
423 3406 580 3455 supra
620 3406 671 3453 p.
723 3399 818 3449 195
849 3402 926 3449 sq.

237 3481 624 3529 Reinstadler,
659 3480 805 3519 Elem.
837 3475 998 3525 philos.
1033 3470 1172 3511 schol.
1220 3466 1274 3505 11.
1740 3465 1799 3508 14
