2367 3850
280 230 351 276 40
726 226 1223 264 ANTHROPOLOGIA.
1290 227 1429 262 PARS
1470 225 1816 262 ANALYTICA.

283 385 340 433 et
396 394 467 433 ex
512 375 763 433 cerebro
822 375 1072 433 redeunt
1126 375 1294 432 nervi
1342 373 1601 431 motorii.
1684 374 1847 447 Ergo
1904 371 1966 429 in
2010 373 2263 430 cerebro
2355 394 2359 416 τ

282 463 699 540 reponendum
742 473 830 522 est
871 481 1164 540 organum
1210 463 1508 539 appetitus
1550 460 1827 520 sensitivi.

401 548 462 627 b)
526 555 898 628 Argumento
954 553 1282 610 anatomiw.
1381 554 1452 611 In
1508 550 1693 609 corde
1754 550 1915 609 enim
1975 549 2129 608 nihil
2188 550 2262 607 in·

279 642 528 714 venitur,
573 642 736 717 quod
782 641 859 700 ad
902 652 1066 700 actus
1108 640 1404 717 appetitus
1438 638 1769 699 eliciendos
1809 639 2115 711 inserviat,
2162 639 2261 698 sed

280 743 407 791 tota
449 732 572 791 eius
614 741 902 789 structura
929 749 1004 790 eo
1034 730 1387 801 exhauritur,
1433 730 1598 805 quod
1629 728 2121 804 palpitationibus
2152 727 2262 787 suis

280 820 581 896 sanguinis
625 819 1071 881 circulationem
1115 820 1399 895 perficiat.

401 905 456 984 c)
488 912 859 984 Argumento
877 910 1248 984 pathologz'cO.
1297 907 1605 983 Siquidem
1635 906 2004 983 experientia
2025 916 2261 966 constat

281 1001 442 1057 laeso
486 999 736 1056 cerebro
781 999 965 1056 multo
1007 998 1197 1072 magis
1226 996 1559 1072 perturbari
1592 996 1925 1055 functiones
1966 995 2263 1071 appetitus

281 1087 540 1146 sensitivi
583 1106 764 1162 quam
807 1088 1153 1162 perturbato
1196 1097 1363 1145 motu
1404 1085 1619 1145 cordiS.

400 1176 500 1235 Ad
541 1178 791 1235 alteram
844 1194 988 1235 vero
1030 1185 1262 1251 partem
1320 1174 1619 1251 pertinere
1674 1174 1881 1233 dicunt
1923 1191 2139 1234 omnes
2184 1193 2261 1232 ra·

280 1267 490 1336 tioneS‚
536 1265 749 1340 quibus
791 1265 1119 1323 innituntur
1160 1264 1499 1323 adversarii.

400 1357 574 1413 Haec
617 1353 1020 1413 recentiorum
1061 1353 1357 1413 sententia
1397 1371 1538 1412 vera
1580 1363 1683 1423 est,
1733 1351 1841 1411 etsi
1882 1371 2009 1410 non
2059 1352 2260 1410 omnia

281 1443 554 1518 explicat.
639 1445 855 1502 Utrum
893 1441 1072 1501 ’enim
1131 1462 1360 1519 organa
1413 1442 1513 1500 illa
1553 1441 1846 1517 appetitus
1896 1440 2012 1499 sint
2055 1451 2260 1500 centra

281 1531 577 1607 quaedam
619 1551 657 1590 a
685 1531 901 1591 centris
931 1531 1291 1607 perceptivis
1333 1542 1392 1590 et
1434 1551 1469 1588 a
1498 1530 1715 1590 centris
1756 1530 1955 1589 stricte
1993 1529 2259 1589 motoriis

282 1621 575 1694 distincta,
621 1640 700 1680 an
741 1639 804 1681 re
846 1620 1008 1680 idem
1051 1621 1167 1679 sint
1206 1641 1279 1680 ac
1316 1631 1523 1679 centra
1564 1639 1719 1696 quae
1747 1630 1969 1679 vocant
2010 1620 2257 1696 psycho-

283 1710 556 1782 motoria,
601 1710 974 1786 physiologia
1016 1709 1311 1769 hodierna
1352 1711 1721 1786 exploratum
1764 1727 1889 1767 non
1930 1710 2130 1768 habet.

406 1801 509 1856 III.
556 1810 642 1857 De
679 1809 1038 1872 physiologia
1070 1809 1353 1872 potentiae
1386 1807 1653 1857 metricis.
1684 1829 1762 1837 --
1792 1799 1882 1855 Ex
1911 1797 2257 1873 cognitione

284 1887 454 1947 simul
497 1898 556 1947 et
597 1887 965 1964 appetitione
1008 1888 1070 1947 in
1111 1889 1287 1949 nobis
1327 1888 1593 1947 oriuntur
1629 1898 1821 1947 motus
1851 1887 1952 1963 qui
1983 1887 2258 1947 dicuntur

281 1978 614 2054 spontanei.
675 1981 874 2037 Motus
902 1978 1081 2049 enim,
1129 1977 1230 2053 qui
1259 1984 1398 2054 post
1435 1979 1821 2035 excitationem
1848 1978 2139 2052 quandam
2168 1996 2255 2034 ex-

279 2074 504 2125 ternam
532 2067 596 2125 in
623 2068 800 2127 nobis
829 2067 1125 2138 accidunt,
1158 2067 1475 2142 dupliciter
1502 2066 1841 2143 physiologi
1860 2066 2256 2141 distinguunt:

281 2156 648 2215 reflectorios
692 2152 987 2231 (reflexeS,
1042 2150 1689 2231 Reflexbewegungen)
1734 2166 1794 2214 et
1834 2166 2200 2231 spontaneos
2224 2156 2256 2213 ¹.

404 2246 733 2319 Reflectoriz'
768 2244 809 2303 ii
851 2255 1001 2317 sunt,
1051 2245 1153 2320 qui
1198 2264 1271 2304 ex
1312 2244 1667 2305 excitatione
1714 2244 1975 2320 quadam
2018 2255 2259 2303 externa

279 2333 576 2405 accidunt,
620 2334 740 2391 sine
779 2336 895 2392 ullo
936 2337 1215 2409 appetitus
1254 2335 1499 2408 influxu.
1558 2336 1650 2393 Ex
1691 2333 1951 2393 motibus
1994 2332 2109 2392 illis
2143 2333 2255 2403 alii,

280 2422 424 2480 dum
464 2424 625 2493 fiunt,
670 2442 705 2479 a
749 2424 1116 2481 conscientia
1150 2423 1696 2498 apprehenduntur,
1742 2423 1838 2481 alii
1867 2441 2014 2481 non.
2075 2422 2255 2482 Unde

281 2511 649 2570 reflectorios
704 2511 1071 2587 distinguunt
1125 2511 1188 2569 in
1246 2512 1613 2571 reflectorios
1668 2516 1903 2570 conscios
1944 2523 2004 2571 et
2060 2513 2258 2571 reflec-

280 2600 465 2659 torios
507 2602 818 2660 inconscios.

404 2689 717 2766 Spontanei
769 2700 963 2749 autem
1012 2700 1148 2749 sunt
1188 2701 1397 2761 motuS,
1458 2691 1559 2766 qui
1601 2692 1748 2748 fiunt
1789 2707 1861 2747 ex
1904 2689 2257 2748 excitatione

281 2789 525 2836 externa
581 2781 682 2836 sub
722 2780 950 2854 influxu
991 2781 1289 2855 appetitus,
1347 2789 1406 2838 et
1447 2780 1703 2855 proinde
1754 2780 2169 2855 dependenter
2224 2798 2258 2835 a

281 2867 691 2942 perceptione.

406 3002 420 3033 ¹
459 3005 506 3051 A
544 3004 765 3053 motibus
803 3004 1098 3054 reflectoriis
1135 3013 1186 3053 et
1223 3006 1546 3071 spontaneis,
1601 3005 1685 3070 qui
1740 3005 1790 3052 in
1835 3021 1896 3053 eo
1932 3004 2254 3061 conveniunt,

279 3083 416 3145 quod
454 3092 570 3147 post
608 3084 962 3135 excitationem
1001 3092 1259 3133 externam
1288 3086 1541 3146 accidunt,
1583 3085 1926 3150 distinguendi
1953 3093 2068 3133 sunt
2092 3091 2256 3131 motus

280 3164 596 3225 automatici‚
650 3165 736 3229 qui
775 3166 884 3213 sine
922 3166 1223 3215 excitatione
1261 3175 1497 3227 externa,
1550 3167 1641 3215 sed
1678 3174 1868 3214 tantum
1909 3166 2003 3214 sub
2041 3164 2254 3212 stimula-

280 3243 420 3292 tione
476 3237 677 3292 interna'
728 3245 942 3294 cellulae
999 3261 1243 3294 nervosae
1294 3246 1533 3294 musculis
1586 3246 2030 3295 communicantur.
2103 3243 2253 3291 Tales

281 3331 398 3371 sunt
435 3325 806 3373 contractiones
844 3325 1155 3387 rhythmicae
1194 3327 1531 3375 musculorum
1570 3327 1752 3387 cordis,
1792 3326 1920 3374 tales
1958 3334 2072 3374 sunt
2104 3324 2253 3373 etiam

341 3411 444 3451 ··tus
484 3404 795 3467 pulmonum.
853 3406 934 3452 De
974 3404 1271 3454 reflectoriis
1307 3406 1426 3455 vide
1464 3406 1685 3454 Landois
1720 3406 1753 3454 1.
1794 3422 1837 3455 c.
1876 3423 1928 3471 p.
1972 3416 2088 3467 790.
