2367 3850
912 884 1139 948 LIBER
1188 900 1230 949 1.

572 1017 696 1078 DE
744 1015 1347 1081 EXSISTENTIA
1395 1019 1565 1082 DEI.

912 1178 1132 1237 CAPUT
1173 1195 1213 1238 1.

152 1301 267 1358 DE
312 1302 585 1374 MODO,
631 1301 813 1374 Quo
845 1303 1103 1450 ἓξὲξ
1144 1303 1356 1451 ΕὲἓΕ,
1402 1301 1964 1361 COGNOSCERE

1001 1393 1039 1449 s
1106 1393 1172 1450 M
1284 1438 1295 1450 .

865 1542 1199 1591 Ani-mutus
1239 1553 1276 1591 1.

140 1655 237 1703 DE
275 1654 516 1703 FALSIS
556 1653 1165 1705 PH1LOSOPHORUM
1203 1655 1588 1706 DOCTRINIS
1629 1655 1840 1706 CIRCA
1877 1655 2000 1704 DEI

571 1734 1075 1785 COGNITIONEM
1112 1734 1571 1786 NATURALEM.

204 1859 247 1915 I.
306 1858 457 1916 Sunt
514 1858 619 1935 qui
674 1859 1044 1918 contendant
1097 1859 1404 1918 hominem
1465 1859 1617 1918 scire
1676 1876 1801 1916 non
1860 1875 2055 1935 posse,

92 1954 275 2005 utrum
303 1948 472 2007 Deus
513 1948 587 2007 sit
628 1967 839 2021 necne,
885 1951 979 2009 vel
1021 1950 1100 2009 de
1128 1950 1243 2008 Dei
1285 1948 1621 2008 exsistentia
1649 1949 1854 2007 saltem
1898 1948 2063 2006 dubi·

94 2037 327 2095 tandum
358 2055 488 2098 esse
534 2040 811 2098 doceant.
870 2040 1094 2114 Quales
1143 2038 1550 2115 «philosophi»
1589 2037 1862 2098 dicuntur
1904 2037 2062 2095 athei

97 2126 372 2199 agnostici
429 2130 526 2187 vel
573 2128 851 2205 sceptici,
909 2130 1003 2187 vel
1058 2128 1216 2186 athei
1273 2126 1479 2186 critici.
1565 2126 1730 2202 Quid
1785 2144 1928 2185 vero
1984 2126 2062 2185 de

97 2213 179 2272 his
229 2218 606 2277 sentiendum
661 2218 762 2289 sit,
825 2218 887 2275 in
941 2218 1059 2276 fine
1114 2216 1285 2274 huius
1341 2214 1555 2292 prioris
1610 2215 1745 2274 libri
1800 2216 2062 2274 declara-

98 2302 293 2363 bimus.

206 2395 277 2453 ΙΙ.
322 2393 447 2451 Alii
487 2410 631 2454 vero
661 2396 859 2454 Deum
887 2394 1177 2470 cognosci
1209 2392 1453 2470 quidem
1487 2411 1682 2469 posse,
1727 2392 2060 2463 admittunt,

104 2482 197 2538 sed
234 2482 481 2542 modum
523 2501 842 2559 perperam
886 2483 1215 2560 explicant,
1274 2501 1395 2558 quo
1437 2482 1590 2543 haec
1637 2481 1900 2557 cognitio
1941 2483 2058 2538 fiat.

107 2569 235 2629 Sunt
266 2582 467 2631 autem
510 2573 923 2649 ontologistae,
967 2571 1474 2644 traditionalistae,
1519 2570 2058 2640 sentimentalistae,

108 2659 365 2733 fideistae,
410 2661 490 2719 de
534 2661 747 2737 quibus
787 2663 939 2721 haec
979 2661 1258 2722 breviter.

218 2770 265 2808 1,
311 2749 696 2823 Ontologzktas
722 2767 797 2809 ex
822 2750 1150 2827 disciplinis
1192 2749 1632 2827 psychologicis
1673 2746 1889 2807 scimus
1932 2764 2061 2805 esse

114 2854 218 2908 eos»,
258 2841 354 2914 qui
394 2840 620 2899 docent
647 2858 748 2898 nos
774 2840 969 2907 Deum
995 2840 1084 2898 his
1124 2842 1186 2898 in
1226 2842 1399 2898 terris
1439 2839 1753 2897 immediate
1793 2838 2007 2894 intueri
2025 2838 2057 2894 ¹.

116 2925 361 2998 Quorum
401 2928 758 2989 sententiam
800 2940 859 2988 et
900 2928 1269 3005 experientia
1322 2941 1383 2988 et
1427 2926 1734 2987 Ecclesiae
1788 2924 2062 2983 doctrina

117 3018 396 3089 reprobari
436 3018 663 3077 ibidem
704 3019 1089 3079 ostendimus,

231 3124 275 3164 2.
327 3108 483 3181 Quid
525 3117 723 3167 autem
764 3108 845 3167 de
898 3108 1376 3167 traditionalis-mo
1416 3104 1796 3173 sentiendum
1837 3102 1940 3175 sit,
1997 3102 2058 3159 in

121 3192 330 3267 logica*
367 3197 809 3258 declaravimus,

34 3358 67 3789 1
242 3398 257 3429 ¹
288 3403 357 3451 Cf.
392 3421 537 3470 supra
575 3424 625 3471 p.
666 3408 728 3455 61
772 3415 823 3455 et
860 3408 946 3457 62.
1094 3403 1116 3435 ⁹
1154 3406 1233 3455 Cf.
1273 3406 1370 3454 vol.
1411 3406 1452 3465 Ι,
1498 3415 1592 3451 122
1634 3418 1745 3465 sqq.

1625 3501 1644 3535 1
1661 3500 1680 3534 1
1703 3488 1734 3517 ⁶
