2367 3850
267 239 370 289 340
864 239 1097 277 E'rmCA.
1156 239 1296 276 PARS
1337 239 1641 277 SPECIALIS.

384 388 654 446 Alteram
720 404 865 446 vero
934 387 1346 464 quaestionem
1407 388 1506 447 hic
1564 387 1827 448 breviter
1900 386 2255 448 solvendam

264 474 641 553 suscipimus,
714 477 979 537 diversas
1038 477 1362 536 sententias
1428 477 1542 536 hac
1609 478 1686 536 de
1751 496 1816 536 re
1877 475 2254 537 declarando

264 565 433 625 simul
477 574 537 625 et
578 565 998 626 examinando,

586 722 620 792 ἓ
666 740 707 776 1.
764 728 1003 778 Theoria
1039 726 1404 778 successivae
1441 727 1863 790 aggregationis
1889 725 1926 778 ¹.

382 843 431 900 Ι.
474 842 825 919 Exponitur.
885 846 1052 902 quta
1092 843 1252 901 hanc
1293 842 1646 902 sententiam
1687 843 1764 902 ab
1793 843 1951 900 Alfr.
1987 843 2042 900 F
2044 839 2258 900 ouillee

263 931 326 989 in
370 931 584 1003 Gallia,
629 941 689 990 et
720 933 789 989 L.
820 932 898 990 de
928 933 1142 991 Haller
1182 931 1243 990 in
1277 932 1604 991 Germania
1645 942 2125 1009 propugnatam,
2172 949 2260 988 so-

265 1021 447 1078 cietas
502 1021 697 1080 omnis
751 1020 938 1080 civilis
994 1021 1178 1079 oritur
1232 1021 1295 1079 in
1351 1032 1639 1080 concreto
1695 1039 1768 1080 ex
1826 1022 2261 1080 coacervatione

263 1113 565 1169 variarum
622 1111 961 1169 relationum
1018 1118 1077 1168 et
1130 1118 1512 1168 contractuum
1564 1112 2024 1187 particularium
2038 1155 2059 1181 ,
2135 1127 2260 1168 non

265 1209 461 1258 autem
517 1218 592 1258 ex
645 1209 824 1274 pacto
881 1200 1146 1275 quodam
1202 1200 1500 1276 generali,
1572 1218 1693 1276 quo
1747 1209 1874 1259 tota
1927 1198 2260 1259 multitudo

264 1288 513 1347 uniatur.
573 1288 755 1348 Unde
796 1291 879 1360 fit,
922 1299 986 1347 ut
1024 1289 1354 1348 secundum
1396 1290 1556 1347 hanc
1597 1290 1933 1349 doctrinam
1973 1288 2259 1348 societati

267 1376 423 1436 civili
463 1378 656 1436 nullus
698 1378 832 1436 finis
871 1378 1150 1454 proprius
1192 1398 1229 1437 a
1269 1378 1484 1438 finibus
1535 1378 1829 1438 variarum
1886 1380 2259 1438 relationum
2338 1384 2339 1394 ¹

265 1467 625 1542 privatarum
669 1467 934 1526 diversus
976 1467 1280 1526 tribuatur.

385 1559 460 1616 II.
523 1557 938 1616 Examinatur.
1023 1558 1165 1615 Hoc
1209 1567 1465 1634 systema
1505 1559 1720 1617 merito
1765 1578 1800 1616 a
1845 1557 2253 1635 philosophiS,

268 1645 573 1705 catholicis
613 1646 980 1722 praesertim,
1026 1646 1299 1721 reicitur3
1342 1647 1511 1722 quia:

398 1756 445 1794 1.
516 1736 657 1794 Non
737 1736 1024 1812 explicat,
1094 1736 1278 1796 immo
1333 1746 1516 1812 negat
1571 1737 1970 1796 exsistentiam
2023 1734 2256 1795 vinculi

271 1825 621 1896 communis,
667 1826 833 1900 quod
876 1843 1085 1884 omnes
1127 1825 1190 1884 in
1233 1826 1517 1885 societate
1558 1828 1619 1884 in
1661 1827 1858 1885 ordine
1897 1828 1983 1885 ad
2013 1827 2254 1885 eundem
2346 1823 2347 1826 ’

252 1916 438 1992 finem
480 1913 804 1991 coniungit.

394 2026 445 2062 2.
490 2005 632 2063 Non
661 2004 917 2081 explicat
944 2015 1137 2064 ortum
1166 2005 1305 2064 iuris
1333 2006 1535 2081 gladii,
1566 2005 1707 2065 belli
1727 2015 1858 2078 etc„
1892 2022 2046 2081 quae
2079 2015 2251 2084 certo

270 2113 343 2153 ex
385 2096 786 2153 contractibus
816 2095 1267 2170 particularibus
1297 2105 1356 2154 et
1381 2095 1625 2171 privatis
1654 2095 1796 2154 oriri
1823 2113 1948 2154 non
1977 2104 2249 2172 possunt.

396 2203 447 2258 3.
512 2184 1005 2244 Dominationem
1046 2184 1275 2243 inducit
1315 2185 1720 2261 tyrannicam,
1779 2203 1912 2243 cum
1957 2184 2253 2261 principis

270 2272 398 2331 iura
437 2273 584 2331 nihil
627 2273 785 2331 aliud
828 2292 955 2333 esse
1013 2274 1230 2333 doceat
1283 2274 1398 2333 nisi
1439 2293 1729 2336 summam
1787 2274 1995 2334 iurium
2056 2276 2254 2349 priva·

272 2374 480 2422 torum.
567 2366 637 2421 In
693 2364 981 2439 regimine
1033 2364 1291 2439 proinde
1346 2382 1452 2423 suo
1504 2382 1630 2423 non
1671 2365 1750 2423 ad
1790 2364 2017 2422 bonum
2059 2361 2252 2439 publi-

272 2471 427 2525 cum,
470 2452 580 2513 sed
619 2453 696 2512 ad
740 2453 984 2529 propria
1026 2453 1349 2512 commoda
1389 2454 1806 2513 conservanda
1832 2454 1930 2512 vel
1967 2452 2252 2528 augenda

276 2543 558 2619 princeps
599 2542 941 2619 prospiciet.

804 2700 840 2769 ἓ
880 2717 926 2753 2.
989 2705 1230 2754 Theoi-ia
1265 2704 1416 2768 pacti
1453 2704 1701 2754 socialis.

906 2831 925 2865 1
939 2854 949 2867 .
1003 2818 1284 2868 Secundum
1320 2818 1623 2882 Pufendorf.

394 2934 437 2991 Ι.
482 2933 633 2991 Eius
658 2934 932 2991 sententia
960 2935 1277 3009 exponitur.
1301 2963 1378 2972 —
1409 2934 1666 2992 Causam
1693 2930 2028 3009 proximam
2057 2932 2252 2992 unius·

274 3022 559 3097 cuiusque
602 3021 901 3080 societatis
945 3022 1131 3081 civilis
1159 3023 1498 3082 Pufendorf
1530 3022 1869 3081 necessario
1909 3031 2080 3098 putat
2119 3040 2253 3081 esse

272 3121 511 3185 pactum
556 3110 817 3186 aliquod.
883 3114 1075 3169 Immo
1118 3110 1442 3182 ordinario,
1485 3111 1645 3170 iuxta
1686 3110 1896 3187 ipsum,
1941 3110 2020 3168 ad
2063 3111 2252 3171 socie-

271 3210 455 3259 tatem
510 3200 988 3261 constituendam
1042 3200 1315 3259 homines
1370 3201 1490 3259 duo
1545 3201 1751 3259 ineunt
1805 3209 1982 3275 pacta
2036 3208 2098 3259 et
2151 3200 2254 3259 de-

400 3356 416 3386 ¹
456 3357 533 3405 Cf.
576 3358 824 3416 Cathrein,
864 3359 1157 3423 Moralphil.
1198 3360 1264 3420 ΙΙ,
1305 3360 1438 3420 468:
1495 3360 1621 3408 «Die
1658 3361 1768 3409 rein
1806 3359 2252 3424 privatrechtliche

276 3435 586 3495 Auffassung
623 3436 713 3481 des
752 3436 991 3484 StaateS.»

2331 1065 2334 1134 l

2333 1172 2335 1218 l
