2367 3850
322 228 340 263 1
352 215 420 264 80
946 227 1275 264 THEOLOGIA
1316 227 1468 264 NATU
1477 227 1655 265 auls.

1079 393 1413 441 Aarrcums
1452 404 1510 442 11.

810 507 907 557 DE
946 507 1407 558 ARGUMENTIS
1444 507 1781 557 PHYSICIS.

434 644 858 692 Pmenotamen.
946 634 1317 706 Argumenta
1359 631 1607 706 physica
1648 649 1721 689 ea
1762 648 2051 690 vocamus
2066 675 2081 701 ,
2136 647 2275 704 quae

315 721 580 780 oriuntur
636 739 708 781 ex
765 720 1206 796 cognitionibus
1265 737 1463 778 rerum
1522 720 1962 778 mundanarum
2018 717 2275 794 physicis

313 828 468 886 quae
497 810 724 870 scilicet
751 829 876 868 non
904 809 1332 886 praescindunt
1359 809 1436 867 ab
1464 809 1725 884 ipsarum
1754 818 1968 868 natura
1987 807 2223 884 physica
2248 808 2273 864 ¹.

312 899 590 959 Nituntur
643 900 896 976 proinde
953 898 1223 974 proxime
1266 898 1418 956 haec
1460 907 1810 974 argumenta
1854 897 2159 974 principiis
2196 897 2277 952 vel

311 990 523 1064 legibus
566 990 814 1066 physicis
831 989 868 1046 ⁸.
967 988 1324 1063 Praecipua,
1354 1005 1499 1046 vero
1546 998 1709 1045 sunt:
1776 1007 1824 1045 1.
1880 995 2277 1062 argumentum

311 1079 748 1153 teleologicum,
807 1077 971 1153 quod
1027 1076 1353 1135 desumitur
1407 1095 1480 1135 ex
1537 1076 1749 1135 ordine
1808 1094 2009 1134 rerum
2050 1075 2275 1132 munda-

312 1186 523 1226 narum
577 1168 672 1226 vel
714 1185 787 1225 ex
828 1166 1111 1225 finalitate
1127 1211 1142 1236 ,
1201 1183 1381 1240 quam
1423 1165 1757 1224 invenimus
1800 1164 1865 1222 in
1906 1164 2027 1223 hoc
2068 1163 2277 1220 mundo

315 1251 373 1332 (a
425 1253 582 1317 τέλος
647 1279 714 1302 =
776 1249 965 1329 finis)3
1033 1275 1085 1314 2.
1144 1264 1559 1330 argumentum
1613 1251 2137 1332 entropologicum
2188 1247 2275 1326 (ἐν-

311 1343 485 1420 τροπή
537 1368 604 1392 --
652 1339 1015 1419 conversio),
1072 1344 1237 1420 quod
1300 1343 1500 1418 nititur
1552 1344 1685 1418 lege
1744 1341 2059 1418 eutropiae
2114 1359 2276 1416 quam

311 1444 546 1506 vocant,
591 1433 627 1492 i.
673 1452 724 1493 e.
770 1435 904 1508 lege
948 1433 1356 1492 conversionis
1396 1442 1593 1491 motus
1632 1433 1695 1490 in
1739 1432 2005 1490 calorem
2026 1432 2064 1489 ⁸.

435 1523 608 1597 Quae
637 1531 986 1598 argumenta
1028 1541 1100 1580 ex
1139 1541 1197 1580 se
1224 1523 1360 1598 ipsis
1385 1522 1647 1598 probant
1686 1538 1817 1579 esse
1848 1539 1955 1579 ens
1985 1518 2275 1596 quoddam

313 1613 568 1670 maxime
609 1612 938 1688 perfectum
980 1611 1150 1669 huius
1180 1610 1386 1670 mundi
1415 1611 1823 1670 ordinatorem
1852 1611 1949 1668 vel
1976 1619 2272 1667 motorem.

314 1702 700 1776 perficiuntur
738 1720 871 1759 vero
913 1704 1265 1775 argumentis
1304 1701 1700 1776 metaphysicis.

578 1876 613 1945 ἓ
659 1892 700 1931 1.
764 1883 1175 1945 Argumentum
1213 1880 1549 1944 proponitur
1583 1879 1984 1943 teleologicum
1999 1875 2041 1928 ⁴.

435 2004 626 2063 Huius
681 2006 1011 2080 argumenti
1063 2005 1383 2063 maximam
1439 2015 1671 2080 partem
1728 2004 1848 2061 iam
1913 2000 2272 2077 exposuimus

315 2092 374 2150 in
419 2094 803 2169 cosmologia,
846 2094 948 2152 ubi
990 2095 1066 2151 de
1111 2104 1428 2169 perspecto
1470 2093 1677 2152 mundi
1706 2091 1920 2150 ordine
1966 2087 2273 2149 conclusio-

440 2286 456 2317 ¹
495 2289 572 2338 Cf.
613 2306 702 2350 ea,
756 2305 884 2353 quae
923 2289 986 2336 de
1025 2287 1319 2337 notionibus
1355 2288 1578 2352 physicis
1617 2288 1669 2336 in
1721 2287 1891 2352 logica
1938 2284 2066 2349 (vol.
2106 2286 2155 2343 Ι,
2200 2278 2273 2342 14)

314 2369 545 2419 diximus.

438 2445 459 2479 ²
497 2450 610 2498 Vol.
650 2450 690 2510 1,
738 2459 835 2511 173
874 2457 923 2497 et
963 2448 1082 2511 366.

436 2528 458 2559 ⁸
493 2530 574 2577 De
613 2528 727 2577 aliis
765 2530 1073 2593 argumentis
1109 2528 1337 2593 physicis
1362 2526 1549 2577 videsis
1578 2528 1843 2577 Hontlteim
1869 2526 1901 2575 l.
1931 2540 1975 2575 c.
2003 2543 2056 2591 p.
2092 2522 2187 2585 196
2210 2538 2274 2585 sq.

313 2610 532 2659 Boedder
565 2609 598 2658 1.
639 2626 682 2659 c.
723 2626 773 2674 p.
814 2610 880 2672 69
920 2618 969 2658 et
1011 2619 1092 2670 70.

432 2688 456 2719 ⁴
493 2690 578 2738 Ad
627 2706 734 2738 rem
785 2689 834 2739 S.
874 2690 1072 2739 Doctor
1122 2689 1155 2739 l.
1198 2706 1272 2738 c.:
1337 2688 1559 2751 &Quinta
1608 2687 1691 2736 via
1740 2686 1953 2735 sumitur
2002 2702 2065 2734 ex
2114 2684 2276 2749 guber-

314 2771 516 2819 natione
541 2786 722 2819 rerum.
775 2770 1020 2819 Videmus
1047 2770 1199 2831 enim,
1238 2769 1377 2834 quod
1402 2768 1585 2833 aliqua,
1626 2783 1753 2832 quae
1780 2766 2076 2831 cognitione
2102 2771 2272 2819 carent,

314 2850 506 2900 scilicet
543 2857 755 2915 corpora
792 2850 1051 2910 naturalia,
1092 2857 1368 2914 operantur
1403 2857 1612 2914 propter
1647 2848 1812 2896 finem.
1890 2845 2047 2908 Quod
2084 2851 2275 2909 apparet

314 2946 374 2979 ex
412 2931 536 2992 hoe,
590 2931 729 2996 quod
767 2946 968 2997 semper
1003 2937 1089 2979 aut
1125 2930 1437 2994 frequentius
1474 2930 1654 2978 eodem
1692 2928 1845 2976 modo
1883 2934 2182 2993 operantur,
2231 2930 2276 2969 ut

314 3020 688 3077 consequantur
737 3011 788 3059 id
806 3049 817 3071 ,
873 3009 1008 3076 quod
1060 3018 1137 3059 est
1186 3010 1449 3074 optimum.
1525 3009 1674 3059 Unde
1724 3015 1867 3073 patet
1916 3007 2057 3072 quod
2106 3020 2205 3053 non
2250 3017 2273 3047 a

313 3107 459 3153 casu,
513 3092 605 3140 sed
655 3107 718 3139 ex
770 3091 1052 3140 intentione
1091 3091 1397 3155 perveniunt
1436 3090 1501 3139 ad
1537 3090 1705 3139 finem.
1782 3088 1858 3137 Ea
1910 3095 2103 3147 autem,
2159 3097 2273 3148 quae

314 3188 416 3220 non
454 3171 646 3221 habent
683 3172 1054 3236 cognitionem,
1113 3186 1218 3219 non
1260 3171 1475 3219 tendunt
1526 3172 1575 3219 in
1628 3170 1781 3218 finem
1831 3168 1931 3217 nisi
1982 3168 2169 3223 directa
2214 3163 2270 3211 ab

315 3252 486 3316 aliquo
525 3260 869 3317 cognoscente
906 3261 957 3301 et
995 3251 1343 3315 intellegente,
1382 3251 1512 3300 sicut
1550 3250 1734 3315 sagitta
1757 3266 1788 3297 a
1812 3248 2101 3313 sagittante.
2150 3245 2269 3306 Ergo

313 3340 390 3381 est
427 3331 621 3395 aliquid
658 3331 988 3395 intellegens,
1042 3348 1071 3379 a
1108 3348 1211 3397 quo
1249 3346 1425 3381 omnes
1462 3347 1541 3379 res
1579 3330 1835 3379 naturales
1878 3328 2171 3379 ordinantur
2210 3321 2267 3369 ad

315 3410 494 3467 finem3
534 3417 586 3456 et
620 3409 720 3457 hoc
759 3410 973 3459 dicimus
1011 3411 1227 3459 Deum.»
