<?xml version="1.0" encoding="UTF-8"?>
<!DOCTYPE html PUBLIC "-//W3C//DTD XHTML 1.0 Transitional//EN"
    "http://www.w3.org/TR/xhtml1/DTD/xhtml1-transitional.dtd">
<html xmlns="http://www.w3.org/1999/xhtml" xml:lang="en" lang="en">
 <head>
  <title>
</title>
<meta http-equiv="Content-Type" content="text/html;charset=utf-8" />
  <meta name='ocr-system' content='tesseract 3.04.00' />
  <meta name='ocr-capabilities' content='ocr_page ocr_carea ocr_par ocr_line ocrx_word'/>
</head>
<body>
  <div class='ocr_page' id='page_1' title='image "./elementaphiloso01reingoog_0198.png"; bbox 0 0 2367 3850; ppageno 0'>
   <div class='ocr_carea' id='block_1_1' title="bbox 1788 0 2314 168">
    <p class='ocr_par' dir='ltr' id='par_1_1' title="bbox 1788 0 2314 168">
     <span class='ocr_line' id='line_1_1' title="bbox 1788 0 2314 168; baseline -0.004 -153"><span class='ocrx_word' id='word_1_1' title='bbox 1788 0 1797 10; x_wconf 79' lang='lat'>¹</span> <span class='ocrx_word' id='word_1_2' title='bbox 1872 0 2223 30; x_wconf 42' lang='lat' dir='ltr'>,&#39;;&#39;“„&#39;!-.W-10“</span> <span class='ocrx_word' id='word_1_3' title='bbox 2242 0 2314 168; x_wconf 45' lang='grc' dir='ltr'>*Ἴ</span> 
     </span>
     <span class='ocr_line' id='line_1_2' title="bbox 2299 41 2306 61; baseline 0 0"><span class='ocrx_word' id='word_1_4' title='bbox 2299 41 2306 61; x_wconf 65' lang='lat' dir='ltr'>l</span> 
     </span>
    </p>
   </div>
   <div class='ocr_carea' id='block_1_2' title="bbox 258 329 2232 493">
    <p class='ocr_par' dir='ltr' id='par_1_2' title="bbox 258 329 2232 493">
     <span class='ocr_line' id='line_1_3' title="bbox 386 329 2232 407; baseline -0.002 -17"><span class='ocrx_word' id='word_1_5' title='bbox 386 352 433 390; x_wconf 93' lang='lat'>1.</span> <span class='ocrx_word' id='word_1_6' title='bbox 467 332 709 407; x_wconf 88' lang='lat' dir='ltr'>Singula</span> <span class='ocrx_word' id='word_1_7' title='bbox 737 331 897 390; x_wconf 87' lang='lat' dir='ltr'>entia</span> <span class='ocrx_word' id='word_1_8' title='bbox 923 331 1231 390; x_wconf 89' lang='lat' dir='ltr'>mundana</span> <span class='ocrx_word' id='word_1_9' title='bbox 1257 331 1525 390; x_wconf 88' lang='lat' dir='ltr'>videmus</span> <span class='ocrx_word' id='word_1_10' title='bbox 1553 329 1852 406; x_wconf 90' lang='lat' dir='ltr'>generari,</span> <span class='ocrx_word' id='word_1_11' title='bbox 1897 347 2232 404; x_wconf 84' lang='lat' dir='ltr'>augescere,</span> 
     </span>
     <span class='ocr_line' id='line_1_4' title="bbox 258 419 1147 493; baseline 0 -14"><span class='ocrx_word' id='word_1_12' title='bbox 258 421 509 493; x_wconf 91' lang='lat' dir='ltr'>alterari,</span> <span class='ocrx_word' id='word_1_13' title='bbox 553 419 781 480; x_wconf 90' lang='lat' dir='ltr'>moveri</span> <span class='ocrx_word' id='word_1_14' title='bbox 822 420 1089 478; x_wconf 87' lang='lat' dir='ltr'>localiter</span> <span class='ocrx_word' id='word_1_15' title='bbox 1114 421 1147 479; x_wconf 92' lang='lat'>¹.</span> 
     </span>
    </p>
   </div>
   <div class='ocr_carea' id='block_1_3' title="bbox 260 515 2240 1312">
    <p class='ocr_par' dir='ltr' id='par_1_3' title="bbox 260 515 2240 1022">
     <span class='ocr_line' id='line_1_5' title="bbox 384 515 2237 577; baseline -0.002 -1"><span class='ocrx_word' id='word_1_16' title='bbox 384 539 436 576; x_wconf 88' lang='lat'>2.</span> <span class='ocrx_word' id='word_1_17' title='bbox 480 520 666 576; x_wconf 92' lang='lat' dir='ltr'>Totus</span> <span class='ocrx_word' id='word_1_18' title='bbox 706 537 851 577; x_wconf 87' lang='lat' dir='ltr'>vero</span> <span class='ocrx_word' id='word_1_19' title='bbox 886 517 1139 576; x_wconf 89' lang='lat' dir='ltr'>mundus</span> <span class='ocrx_word' id='word_1_20' title='bbox 1181 516 1240 574; x_wconf 91' lang='lat' dir='ltr'>vi</span> <span class='ocrx_word' id='word_1_21' title='bbox 1269 517 1632 576; x_wconf 84' lang='lat' dir='ltr'>attractionis</span> <span class='ocrx_word' id='word_1_22' title='bbox 1659 516 2016 576; x_wconf 88' lang='lat' dir='ltr'>universalis</span> <span class='ocrx_word' id='word_1_23' title='bbox 2059 527 2147 575; x_wconf 92' lang='lat' dir='ltr'>est</span> <span class='ocrx_word' id='word_1_24' title='bbox 2183 515 2237 572; x_wconf 88' lang='lat' dir='ltr'>in</span> 
     </span>
     <span class='ocr_line' id='line_1_6' title="bbox 260 604 2238 667; baseline -0.003 0"><span class='ocrx_word' id='word_1_25' title='bbox 260 607 544 667; x_wconf 91' lang='lat' dir='ltr'>continuo</span> <span class='ocrx_word' id='word_1_26' title='bbox 586 617 752 667; x_wconf 89' lang='lat' dir='ltr'>motu</span> <span class='ocrx_word' id='word_1_27' title='bbox 784 606 977 665; x_wconf 90' lang='lat' dir='ltr'>locali.</span> <span class='ocrx_word' id='word_1_28' title='bbox 1039 608 1235 664; x_wconf 89' lang='lat' dir='ltr'>Immo</span> <span class='ocrx_word' id='word_1_29' title='bbox 1265 606 1594 665; x_wconf 88' lang='lat' dir='ltr'>secundum</span> <span class='ocrx_word' id='word_1_30' title='bbox 1623 606 2035 665; x_wconf 87' lang='lat' dir='ltr'>recentiorum</span> <span class='ocrx_word' id='word_1_31' title='bbox 2065 604 2238 664; x_wconf 90' lang='lat' dir='ltr'>scien-</span> 
     </span>
     <span class='ocr_line' id='line_1_7' title="bbox 260 693 2240 771; baseline -0.003 -16"><span class='ocrx_word' id='word_1_32' title='bbox 260 697 470 756; x_wconf 90' lang='lat' dir='ltr'>tiarum</span> <span class='ocrx_word' id='word_1_33' title='bbox 513 695 731 771; x_wconf 86' lang='lat' dir='ltr'>placita</span> <span class='ocrx_word' id='word_1_34' title='bbox 770 694 1097 754; x_wconf 90' lang='lat' dir='ltr'>tenendum</span> <span class='ocrx_word' id='word_1_35' title='bbox 1154 707 1243 754; x_wconf 93' lang='lat' dir='ltr'>est</span> <span class='ocrx_word' id='word_1_36' title='bbox 1281 694 1442 753; x_wconf 90' lang='lat' dir='ltr'>hunc</span> <span class='ocrx_word' id='word_1_37' title='bbox 1483 696 1771 754; x_wconf 88' lang='lat' dir='ltr'>mundum</span> <span class='ocrx_word' id='word_1_38' title='bbox 1816 693 2240 770; x_wconf 83' lang='lat' dir='ltr'>aspectabilem</span> 
     </span>
     <span class='ocr_line' id='line_1_8' title="bbox 261 779 2237 861; baseline -0.002 -18"><span class='ocrx_word' id='word_1_39' title='bbox 261 785 339 843; x_wconf 87' lang='lat' dir='ltr'>ad</span> <span class='ocrx_word' id='word_1_40' title='bbox 396 795 772 861; x_wconf 89' lang='lat' dir='ltr'>praesentem</span> <span class='ocrx_word' id='word_1_41' title='bbox 823 794 1033 842; x_wconf 85' lang='lat' dir='ltr'>statum</span> <span class='ocrx_word' id='word_1_42' title='bbox 1078 779 1320 859; x_wconf 85' lang='lat' dir='ltr'>(actum)</span> <span class='ocrx_word' id='word_1_43' title='bbox 1377 803 1450 843; x_wconf 88' lang='lat' dir='ltr'>ex</span> <span class='ocrx_word' id='word_1_44' title='bbox 1504 783 1773 860; x_wconf 88' lang='lat' dir='ltr'>potentia</span> <span class='ocrx_word' id='word_1_45' title='bbox 1822 784 2237 851; x_wconf 77' lang='lat' dir='ltr'>«nebulosae»,</span> 
     </span>
     <span class='ocr_line' id='line_1_9' title="bbox 266 872 2238 950; baseline -0.003 -17"><span class='ocrx_word' id='word_1_46' title='bbox 266 893 446 950; x_wconf 90' lang='lat' dir='ltr'>quam</span> <span class='ocrx_word' id='word_1_47' title='bbox 473 884 710 945; x_wconf 87' lang='lat' dir='ltr'>vocant,</span> <span class='ocrx_word' id='word_1_48' title='bbox 754 884 1025 949; x_wconf 90' lang='lat' dir='ltr'>tempore</span> <span class='ocrx_word' id='word_1_49' title='bbox 1056 873 1443 949; x_wconf 88' lang='lat' dir='ltr'>procedente,</span> <span class='ocrx_word' id='word_1_50' title='bbox 1474 873 1774 932; x_wconf 86' lang='lat' dir='ltr'>transiisse</span> <span class='ocrx_word' id='word_1_51' title='bbox 1806 872 2039 948; x_wconf 91' lang='lat' dir='ltr'>duplici</span> <span class='ocrx_word' id='word_1_52' title='bbox 2067 882 2238 940; x_wconf 89' lang='lat' dir='ltr'>motu,</span> 
     </span>
     <span class='ocr_line' id='line_1_10' title="bbox 262 962 1496 1022; baseline -0.002 0"><span class='ocrx_word' id='word_1_53' title='bbox 262 962 569 1022; x_wconf 89' lang='lat' dir='ltr'>rotationis</span> <span class='ocrx_word' id='word_1_54' title='bbox 608 962 834 1022; x_wconf 91' lang='lat' dir='ltr'>scilicet</span> <span class='ocrx_word' id='word_1_55' title='bbox 875 972 934 1021; x_wconf 92' lang='lat' dir='ltr'>et</span> <span class='ocrx_word' id='word_1_56' title='bbox 976 962 1496 1021; x_wconf 90' lang='lat' dir='ltr'>concentrationis.</span> 
     </span>
    </p>

    <p class='ocr_par' dir='ltr' id='par_1_4' title="bbox 261 1057 2238 1224">
     <span class='ocr_line' id='line_1_11' title="bbox 382 1057 2238 1136; baseline -0.003 -16"><span class='ocrx_word' id='word_1_57' title='bbox 382 1061 501 1120; x_wconf 78' lang='lat' dir='ltr'>Sed</span> <span class='ocrx_word' id='word_1_58' title='bbox 532 1061 812 1136; x_wconf 86' lang='lat' dir='ltr'>quidquid</span> <span class='ocrx_word' id='word_1_59' title='bbox 844 1066 1114 1128; x_wconf 84' lang='lat' dir='ltr'>movetur,</span> <span class='ocrx_word' id='word_1_60' title='bbox 1158 1058 1232 1116; x_wconf 85' lang='lat' dir='ltr'>ab</span> <span class='ocrx_word' id='word_1_61' title='bbox 1273 1059 1388 1117; x_wconf 83' lang='lat' dir='ltr'>alio</span> <span class='ocrx_word' id='word_1_62' title='bbox 1413 1065 1701 1117; x_wconf 83' lang='lat' dir='ltr'>movetur:</span> <span class='ocrx_word' id='word_1_63' title='bbox 1758 1070 1847 1116; x_wconf 92' lang='lat' dir='ltr'>est</span> <span class='ocrx_word' id='word_1_64' title='bbox 1885 1057 2238 1133; x_wconf 90' lang='lat' dir='ltr'>principium</span> 
     </span>
     <span class='ocr_line' id='line_1_12' title="bbox 261 1148 1468 1224; baseline -0.003 -15"><span class='ocrx_word' id='word_1_65' title='bbox 261 1151 322 1209; x_wconf 92' lang='lat' dir='ltr'>in</span> <span class='ocrx_word' id='word_1_66' title='bbox 367 1149 672 1224; x_wconf 88' lang='lat' dir='ltr'>ontologia</span> <span class='ocrx_word' id='word_1_67' title='bbox 690 1151 711 1182; x_wconf 78' lang='lat'>²</span> <span class='ocrx_word' id='word_1_68' title='bbox 754 1148 1089 1224; x_wconf 90' lang='lat' dir='ltr'>apodictice</span> <span class='ocrx_word' id='word_1_69' title='bbox 1133 1149 1468 1223; x_wconf 88' lang='lat' dir='ltr'>probatum.</span> 
     </span>
    </p>

    <p class='ocr_par' dir='ltr' id='par_1_5' title="bbox 382 1239 1409 1312">
     <span class='ocr_line' id='line_1_13' title="bbox 382 1239 1409 1312; baseline -0.004 -14"><span class='ocrx_word' id='word_1_70' title='bbox 382 1240 550 1312; x_wconf 82' lang='lat' dir='ltr'>Ergo</span> <span class='ocrx_word' id='word_1_71' title='bbox 590 1239 832 1296; x_wconf 84' lang='lat' dir='ltr'>mundus</span> <span class='ocrx_word' id='word_1_72' title='bbox 870 1245 1125 1296; x_wconf 81' lang='lat' dir='ltr'>movetur</span> <span class='ocrx_word' id='word_1_73' title='bbox 1164 1239 1237 1294; x_wconf 85' lang='lat' dir='ltr'>ab</span> <span class='ocrx_word' id='word_1_74' title='bbox 1278 1239 1409 1295; x_wconf 82' lang='lat' dir='ltr'>alio.</span> 
     </span>
    </p>
   </div>
   <div class='ocr_carea' id='block_1_4' title="bbox 264 1336 2241 2837">
    <p class='ocr_par' dir='ltr' id='par_1_6' title="bbox 264 1336 2241 2837">
     <span class='ocr_line' id='line_1_14' title="bbox 384 1336 2241 1411; baseline -0.002 -17"><span class='ocrx_word' id='word_1_75' title='bbox 384 1336 502 1394; x_wconf 78' lang='lat' dir='ltr'>Sed</span> <span class='ocrx_word' id='word_1_76' title='bbox 533 1336 689 1411; x_wconf 84' lang='lat' dir='ltr'>quod</span> <span class='ocrx_word' id='word_1_77' title='bbox 720 1343 973 1394; x_wconf 82' lang='lat' dir='ltr'>movetur</span> <span class='ocrx_word' id='word_1_78' title='bbox 1012 1337 1085 1393; x_wconf 86' lang='lat' dir='ltr'>ab</span> <span class='ocrx_word' id='word_1_79' title='bbox 1120 1337 1254 1405; x_wconf 76' lang='lat' dir='ltr'>alia,</span> <span class='ocrx_word' id='word_1_80' title='bbox 1297 1336 1365 1392; x_wconf 88' lang='lat' dir='ltr'>id</span> <span class='ocrx_word' id='word_1_81' title='bbox 1383 1336 1580 1393; x_wconf 83' lang='lat' dir='ltr'>ultimo</span> <span class='ocrx_word' id='word_1_82' title='bbox 1608 1352 1817 1393; x_wconf 82' lang='lat' dir='ltr'>necesse</span> <span class='ocrx_word' id='word_1_83' title='bbox 1844 1343 1930 1392; x_wconf 83' lang='lat' dir='ltr'>est</span> <span class='ocrx_word' id='word_1_84' title='bbox 1955 1340 2241 1392; x_wconf 79' lang='lat' dir='ltr'>moveatur</span> 
     </span>
     <span class='ocr_line' id='line_1_15' title="bbox 264 1415 2237 1500; baseline -0.001 -18"><span class='ocrx_word' id='word_1_85' title='bbox 264 1445 302 1482; x_wconf 84' lang='lat' dir='ltr'>a</span> <span class='ocrx_word' id='word_1_86' title='bbox 331 1427 526 1500; x_wconf 83' lang='lat' dir='ltr'>primo</span> <span class='ocrx_word' id='word_1_87' title='bbox 579 1431 789 1482; x_wconf 78' lang='lat' dir='ltr'>metere</span> <span class='ocrx_word' id='word_1_88' title='bbox 842 1424 1122 1482; x_wconf 83' lang='lat' dir='ltr'>immobili.</span> <span class='ocrx_word' id='word_1_89' title='bbox 1209 1425 1447 1482; x_wconf 90' lang='lat' dir='ltr'>Etenim</span> <span class='ocrx_word' id='word_1_90' title='bbox 1491 1443 1598 1482; x_wconf 90' lang='lat' dir='ltr'>ens</span> <span class='ocrx_word' id='word_1_91' title='bbox 1638 1424 1784 1482; x_wconf 93' lang='lat' dir='ltr'>illud</span> <span class='ocrx_word' id='word_1_92' title='bbox 1839 1423 2008 1482; x_wconf 90' lang='lat' dir='ltr'>aliud</span> <span class='ocrx_word' id='word_1_93' title='bbox 2021 1470 2035 1495; x_wconf 94' lang='lat'><em>,</em></span> <span class='ocrx_word' id='word_1_94' title='bbox 2086 1415 2237 1498; x_wconf 62' lang='lat' dir='ltr'>quod</span> 
     </span>
     <span class='ocr_line' id='line_1_16' title="bbox 265 1507 2237 1590; baseline -0.001 -18"><span class='ocrx_word' id='word_1_95' title='bbox 265 1514 552 1572; x_wconf 90' lang='lat' dir='ltr'>mundum</span> <span class='ocrx_word' id='word_1_96' title='bbox 580 1532 631 1572; x_wconf 91' lang='lat' dir='ltr'>e.</span> <span class='ocrx_word' id='word_1_97' title='bbox 664 1532 719 1588; x_wconf 88' lang='lat' dir='ltr'>g.</span> <span class='ocrx_word' id='word_1_98' title='bbox 751 1514 829 1572; x_wconf 91' lang='lat' dir='ltr'>ad</span> <span class='ocrx_word' id='word_1_99' title='bbox 858 1523 1085 1571; x_wconf 90' lang='lat' dir='ltr'>motum</span> <span class='ocrx_word' id='word_1_100' title='bbox 1113 1515 1408 1572; x_wconf 90' lang='lat' dir='ltr'>actualem</span> <span class='ocrx_word' id='word_1_101' title='bbox 1436 1524 1802 1588; x_wconf 89' lang='lat' dir='ltr'>praemovet,</span> <span class='ocrx_word' id='word_1_102' title='bbox 1833 1513 1955 1572; x_wconf 90' lang='lat' dir='ltr'>vim</span> <span class='ocrx_word' id='word_1_103' title='bbox 1987 1507 2237 1590; x_wconf 88' lang='lat' dir='ltr'>(actum),</span> 
     </span>
     <span class='ocr_line' id='line_1_17' title="bbox 266 1598 2239 1679; baseline -0.002 -18"><span class='ocrx_word' id='word_1_104' title='bbox 266 1622 385 1678; x_wconf 90' lang='lat' dir='ltr'>qua</span> <span class='ocrx_word' id='word_1_105' title='bbox 413 1613 627 1675; x_wconf 90' lang='lat' dir='ltr'>movet,</span> <span class='ocrx_word' id='word_1_106' title='bbox 666 1612 764 1660; x_wconf 90' lang='lat' dir='ltr'>aut</span> <span class='ocrx_word' id='word_1_107' title='bbox 791 1603 972 1660; x_wconf 91' lang='lat' dir='ltr'>habet</span> <span class='ocrx_word' id='word_1_108' title='bbox 999 1603 1124 1661; x_wconf 92' lang='lat' dir='ltr'>sine</span> <span class='ocrx_word' id='word_1_109' title='bbox 1154 1611 1320 1660; x_wconf 88' lang='lat' dir='ltr'>motu</span> <span class='ocrx_word' id='word_1_110' title='bbox 1350 1598 1516 1678; x_wconf 94' lang='lat' dir='ltr'>(quin</span> <span class='ocrx_word' id='word_1_111' title='bbox 1543 1602 1840 1660; x_wconf 91' lang='lat' dir='ltr'>transierit</span> <span class='ocrx_word' id='word_1_112' title='bbox 1870 1603 1948 1660; x_wconf 89' lang='lat' dir='ltr'>de</span> <span class='ocrx_word' id='word_1_113' title='bbox 1983 1601 2239 1679; x_wconf 88' lang='lat' dir='ltr'>potentia</span> 
     </span>
     <span class='ocr_line' id='line_1_18' title="bbox 264 1686 2235 1768; baseline -0.001 -18"><span class='ocrx_word' id='word_1_114' title='bbox 264 1692 432 1750; x_wconf 89' lang='lat' dir='ltr'>huius</span> <span class='ocrx_word' id='word_1_115' title='bbox 487 1691 869 1767; x_wconf 88' lang='lat' dir='ltr'>perfectionis</span> <span class='ocrx_word' id='word_1_116' title='bbox 925 1691 1001 1749; x_wconf 92' lang='lat' dir='ltr'>ad</span> <span class='ocrx_word' id='word_1_117' title='bbox 1057 1686 1274 1766; x_wconf 88' lang='lat' dir='ltr'>actum)</span> <span class='ocrx_word' id='word_1_118' title='bbox 1333 1701 1430 1749; x_wconf 92' lang='lat' dir='ltr'>aut</span> <span class='ocrx_word' id='word_1_119' title='bbox 1485 1709 1620 1750; x_wconf 90' lang='lat' dir='ltr'>cum</span> <span class='ocrx_word' id='word_1_120' title='bbox 1675 1701 1857 1764; x_wconf 78' lang='lat' dir='ltr'>motu.</span> <span class='ocrx_word' id='word_1_121' title='bbox 1941 1690 2020 1749; x_wconf 82' lang='lat' dir='ltr'>Si</span> <span class='ocrx_word' id='word_1_122' title='bbox 2058 1691 2235 1768; x_wconf 80' lang='lat' dir='ltr'>prius,</span> 
     </span>
     <span class='ocr_line' id='line_1_19' title="bbox 269 1780 2234 1856; baseline -0.001 -18"><span class='ocrx_word' id='word_1_123' title='bbox 269 1781 461 1856; x_wconf 89' lang='lat' dir='ltr'>ipsum</span> <span class='ocrx_word' id='word_1_124' title='bbox 500 1781 645 1839; x_wconf 91' lang='lat' dir='ltr'>illud</span> <span class='ocrx_word' id='word_1_125' title='bbox 686 1780 845 1838; x_wconf 87' lang='lat' dir='ltr'>aliud</span> <span class='ocrx_word' id='word_1_126' title='bbox 883 1798 989 1838; x_wconf 92' lang='lat' dir='ltr'>ens</span> <span class='ocrx_word' id='word_1_127' title='bbox 1031 1780 1141 1838; x_wconf 92' lang='lat' dir='ltr'>erit</span> <span class='ocrx_word' id='word_1_128' title='bbox 1183 1792 1380 1838; x_wconf 89' lang='lat' dir='ltr'>motor</span> <span class='ocrx_word' id='word_1_129' title='bbox 1421 1781 1643 1856; x_wconf 90' lang='lat' dir='ltr'>primus</span> <span class='ocrx_word' id='word_1_130' title='bbox 1678 1780 2022 1853; x_wconf 88' lang='lat' dir='ltr'>immobilis,</span> <span class='ocrx_word' id='word_1_131' title='bbox 2069 1798 2234 1855; x_wconf 90' lang='lat' dir='ltr'>quem</span> 
     </span>
     <span class='ocr_line' id='line_1_20' title="bbox 267 1869 2234 1946; baseline -0.002 -18"><span class='ocrx_word' id='word_1_132' title='bbox 267 1869 648 1946; x_wconf 82' lang='lat' dir='ltr'>inquirimus3</span> <span class='ocrx_word' id='word_1_133' title='bbox 688 1871 777 1928; x_wconf 83' lang='lat' dir='ltr'>sin</span> <span class='ocrx_word' id='word_1_134' title='bbox 819 1871 1078 1939; x_wconf 82' lang='lat' dir='ltr'>alterum,</span> <span class='ocrx_word' id='word_1_135' title='bbox 1124 1880 1268 1929; x_wconf 91' lang='lat' dir='ltr'>tunc</span> <span class='ocrx_word' id='word_1_136' title='bbox 1307 1869 1452 1929; x_wconf 92' lang='lat' dir='ltr'>illud</span> <span class='ocrx_word' id='word_1_137' title='bbox 1498 1870 1657 1929; x_wconf 91' lang='lat' dir='ltr'>aliud</span> <span class='ocrx_word' id='word_1_138' title='bbox 1703 1888 1810 1929; x_wconf 91' lang='lat' dir='ltr'>ens</span> <span class='ocrx_word' id='word_1_139' title='bbox 1851 1881 2130 1930; x_wconf 84' lang='lat' dir='ltr'>movetur</span> <span class='ocrx_word' id='word_1_140' title='bbox 2169 1869 2234 1926; x_wconf 89' lang='lat' dir='ltr'>ab</span> 
     </span>
     <span class='ocr_line' id='line_1_21' title="bbox 267 1959 2235 2036; baseline -0.001 -19"><span class='ocrx_word' id='word_1_141' title='bbox 267 1959 401 2018; x_wconf 91' lang='lat' dir='ltr'>alio.</span> <span class='ocrx_word' id='word_1_142' title='bbox 488 1959 607 2018; x_wconf 90' lang='lat' dir='ltr'>Sed</span> <span class='ocrx_word' id='word_1_143' title='bbox 650 1959 811 2017; x_wconf 89' lang='lat' dir='ltr'>circa</span> <span class='ocrx_word' id='word_1_144' title='bbox 850 1960 1008 2017; x_wconf 91' lang='lat' dir='ltr'>hunc</span> <span class='ocrx_word' id='word_1_145' title='bbox 1052 1959 1233 2018; x_wconf 86' lang='lat' dir='ltr'>alium</span> <span class='ocrx_word' id='word_1_146' title='bbox 1274 1970 1568 2018; x_wconf 89' lang='lat' dir='ltr'>motorem</span> <span class='ocrx_word' id='word_1_147' title='bbox 1611 1960 1825 2019; x_wconf 90' lang='lat' dir='ltr'>eadem</span> <span class='ocrx_word' id='word_1_148' title='bbox 1879 1961 2014 2019; x_wconf 90' lang='lat' dir='ltr'>fieri</span> <span class='ocrx_word' id='word_1_149' title='bbox 2058 1969 2235 2036; x_wconf 89' lang='lat' dir='ltr'>potest</span> 
     </span>
     <span class='ocr_line' id='line_1_22' title="bbox 267 2048 2236 2124; baseline -0.002 -17"><span class='ocrx_word' id='word_1_150' title='bbox 267 2048 611 2124; x_wconf 89' lang='lat' dir='ltr'>suppositio.</span> <span class='ocrx_word' id='word_1_151' title='bbox 716 2048 812 2106; x_wconf 90' lang='lat' dir='ltr'>Sic</span> <span class='ocrx_word' id='word_1_152' title='bbox 868 2060 1065 2107; x_wconf 86' lang='lat' dir='ltr'>autem</span> <span class='ocrx_word' id='word_1_153' title='bbox 1121 2049 1516 2124; x_wconf 91' lang='lat' dir='ltr'>procedendo</span> <span class='ocrx_word' id='word_1_154' title='bbox 1575 2059 1674 2107; x_wconf 91' lang='lat' dir='ltr'>aut</span> <span class='ocrx_word' id='word_1_155' title='bbox 1734 2049 2066 2124; x_wconf 82' lang='lat' dir='ltr'>aliquando</span> <span class='ocrx_word' id='word_1_156' title='bbox 2120 2066 2236 2123; x_wconf 91' lang='lat' dir='ltr'>per-</span> 
     </span>
     <span class='ocr_line' id='line_1_23' title="bbox 268 2137 2236 2213; baseline -0.001 -17"><span class='ocrx_word' id='word_1_157' title='bbox 268 2137 535 2197; x_wconf 90' lang='lat' dir='ltr'>venimus</span> <span class='ocrx_word' id='word_1_158' title='bbox 578 2137 656 2196; x_wconf 91' lang='lat' dir='ltr'>ad</span> <span class='ocrx_word' id='word_1_159' title='bbox 699 2137 953 2213; x_wconf 90' lang='lat' dir='ltr'>primum</span> <span class='ocrx_word' id='word_1_160' title='bbox 995 2147 1292 2196; x_wconf 89' lang='lat' dir='ltr'>motorem</span> <span class='ocrx_word' id='word_1_161' title='bbox 1336 2137 1706 2197; x_wconf 90' lang='lat' dir='ltr'>immobilem</span> <span class='ocrx_word' id='word_1_162' title='bbox 1722 2184 1736 2209; x_wconf 94' lang='lat'><em>,</em></span> <span class='ocrx_word' id='word_1_163' title='bbox 1793 2148 1892 2196; x_wconf 89' lang='lat' dir='ltr'>aut</span> <span class='ocrx_word' id='word_1_164' title='bbox 1934 2156 2236 2213; x_wconf 85' lang='lat' dir='ltr'>processus</span> 
     </span>
     <span class='ocr_line' id='line_1_24' title="bbox 268 2226 2238 2298; baseline -0.001 -15"><span class='ocrx_word' id='word_1_165' title='bbox 268 2226 579 2286; x_wconf 90' lang='lat' dir='ltr'>instituitur</span> <span class='ocrx_word' id='word_1_166' title='bbox 618 2226 681 2283; x_wconf 92' lang='lat' dir='ltr'>in</span> <span class='ocrx_word' id='word_1_167' title='bbox 723 2226 1030 2298; x_wconf 90' lang='lat' dir='ltr'>infinitum,</span> <span class='ocrx_word' id='word_1_168' title='bbox 1075 2227 1156 2285; x_wconf 88' lang='lat' dir='ltr'>ita</span> <span class='ocrx_word' id='word_1_169' title='bbox 1182 2237 1247 2285; x_wconf 92' lang='lat' dir='ltr'>ut</span> <span class='ocrx_word' id='word_1_170' title='bbox 1287 2227 1360 2285; x_wconf 93' lang='lat' dir='ltr'>sit</span> <span class='ocrx_word' id='word_1_171' title='bbox 1388 2227 1568 2285; x_wconf 90' lang='lat' dir='ltr'>series</span> <span class='ocrx_word' id='word_1_172' title='bbox 1609 2227 1838 2286; x_wconf 89' lang='lat' dir='ltr'>infinita</span> <span class='ocrx_word' id='word_1_173' title='bbox 1871 2227 2102 2285; x_wconf 91' lang='lat' dir='ltr'>entium</span> <span class='ocrx_word' id='word_1_174' title='bbox 2129 2244 2238 2282; x_wconf 91' lang='lat' dir='ltr'>mo·</span> 
     </span>
     <span class='ocr_line' id='line_1_25' title="bbox 266 2315 2236 2391; baseline -0.001 -18"><span class='ocrx_word' id='word_1_175' title='bbox 266 2315 546 2386; x_wconf 89' lang='lat' dir='ltr'>ventium,</span> <span class='ocrx_word' id='word_1_176' title='bbox 593 2334 745 2390; x_wconf 88' lang='lat' dir='ltr'>quae</span> <span class='ocrx_word' id='word_1_177' title='bbox 790 2325 848 2374; x_wconf 93' lang='lat' dir='ltr'>et</span> <span class='ocrx_word' id='word_1_178' title='bbox 888 2316 1018 2391; x_wconf 89' lang='lat' dir='ltr'>ipsa</span> <span class='ocrx_word' id='word_1_179' title='bbox 1060 2315 1175 2375; x_wconf 90' lang='lat' dir='ltr'>sint</span> <span class='ocrx_word' id='word_1_180' title='bbox 1204 2327 1529 2391; x_wconf 89' lang='lat' dir='ltr'>praemota‚</span> <span class='ocrx_word' id='word_1_181' title='bbox 1576 2316 1719 2391; x_wconf 90' lang='lat' dir='ltr'>quin</span> <span class='ocrx_word' id='word_1_182' title='bbox 1762 2316 1835 2373; x_wconf 92' lang='lat' dir='ltr'>sit</span> <span class='ocrx_word' id='word_1_183' title='bbox 1875 2323 2051 2373; x_wconf 85' lang='lat' dir='ltr'>extra</span> <span class='ocrx_word' id='word_1_184' title='bbox 2091 2315 2236 2373; x_wconf 81' lang='lat' dir='ltr'>illam</span> 
     </span>
     <span class='ocr_line' id='line_1_26' title="bbox 266 2403 2236 2464; baseline -0.001 -3"><span class='ocrx_word' id='word_1_185' title='bbox 266 2407 464 2462; x_wconf 81' lang='lat' dir='ltr'>seriem</span> <span class='ocrx_word' id='word_1_186' title='bbox 533 2423 641 2463; x_wconf 92' lang='lat' dir='ltr'>ens</span> <span class='ocrx_word' id='word_1_187' title='bbox 707 2423 957 2463; x_wconf 89' lang='lat' dir='ltr'>movens</span> <span class='ocrx_word' id='word_1_188' title='bbox 1023 2422 1147 2464; x_wconf 94' lang='lat' dir='ltr'>non</span> <span class='ocrx_word' id='word_1_189' title='bbox 1205 2414 1448 2463; x_wconf 89' lang='lat' dir='ltr'>motum.</span> <span class='ocrx_word' id='word_1_190' title='bbox 1534 2405 1655 2464; x_wconf 89' lang='lat' dir='ltr'>Sed</span> <span class='ocrx_word' id='word_1_191' title='bbox 1712 2405 2008 2463; x_wconf 90' lang='lat' dir='ltr'>eiusmodi</span> <span class='ocrx_word' id='word_1_192' title='bbox 2068 2403 2236 2463; x_wconf 89' lang='lat' dir='ltr'>series</span> 
     </span>
     <span class='ocr_line' id='line_1_27' title="bbox 268 2492 2233 2570; baseline -0.001 -20"><span class='ocrx_word' id='word_1_193' title='bbox 268 2492 496 2552; x_wconf 85' lang='lat' dir='ltr'>infinita</span> <span class='ocrx_word' id='word_1_194' title='bbox 536 2504 833 2552; x_wconf 89' lang='lat' dir='ltr'>motorum</span> <span class='ocrx_word' id='word_1_195' title='bbox 877 2494 1106 2553; x_wconf 90' lang='lat' dir='ltr'>admitti</span> <span class='ocrx_word' id='word_1_196' title='bbox 1146 2494 1373 2569; x_wconf 91' lang='lat' dir='ltr'>nequit,</span> <span class='ocrx_word' id='word_1_197' title='bbox 1419 2505 1666 2570; x_wconf 91' lang='lat' dir='ltr'>propter</span> <span class='ocrx_word' id='word_1_198' title='bbox 1694 2494 1939 2553; x_wconf 89' lang='lat' dir='ltr'>easdem</span> <span class='ocrx_word' id='word_1_199' title='bbox 1969 2494 2233 2561; x_wconf 61' lang='lat' dir='ltr'>rationes</span> 
     </span>
     <span class='ocr_line' id='line_1_28' title="bbox 269 2582 2233 2658; baseline -0.003 -17"><span class='ocrx_word' id='word_1_200' title='bbox 269 2583 481 2657; x_wconf 90' lang='lat' dir='ltr'>quibus</span> <span class='ocrx_word' id='word_1_201' title='bbox 535 2582 655 2641; x_wconf 89' lang='lat' dir='ltr'>iam</span> <span class='ocrx_word' id='word_1_202' title='bbox 709 2583 769 2640; x_wconf 91' lang='lat' dir='ltr'>in</span> <span class='ocrx_word' id='word_1_203' title='bbox 832 2584 1199 2658; x_wconf 88' lang='lat' dir='ltr'>cosmologia</span> <span class='ocrx_word' id='word_1_204' title='bbox 1260 2583 1625 2642; x_wconf 88' lang='lat' dir='ltr'>ostendimus</span> <span class='ocrx_word' id='word_1_205' title='bbox 1685 2582 2058 2642; x_wconf 89' lang='lat' dir='ltr'>reiciendam</span> <span class='ocrx_word' id='word_1_206' title='bbox 2118 2598 2233 2640; x_wconf 90' lang='lat' dir='ltr'>esse</span> 
     </span>
     <span class='ocr_line' id='line_1_29' title="bbox 268 2667 2236 2747; baseline -0.002 -20"><span class='ocrx_word' id='word_1_207' title='bbox 268 2672 643 2747; x_wconf 89' lang='lat' dir='ltr'>hypothesim</span> <span class='ocrx_word' id='word_1_208' title='bbox 700 2672 872 2731; x_wconf 91' lang='lat' dir='ltr'>seriei</span> <span class='ocrx_word' id='word_1_209' title='bbox 929 2691 1236 2730; x_wconf 90' lang='lat' dir='ltr'>causarum</span> <span class='ocrx_word' id='word_1_210' title='bbox 1287 2672 1550 2730; x_wconf 91' lang='lat' dir='ltr'>infinitae</span> <span class='ocrx_word' id='word_1_211' title='bbox 1576 2674 1612 2730; x_wconf 84' lang='lat'>⁸.</span> <span class='ocrx_word' id='word_1_212' title='bbox 1713 2672 1885 2745; x_wconf 86' lang='lat' dir='ltr'>Quae</span> <span class='ocrx_word' id='word_1_213' title='bbox 1949 2672 2114 2731; x_wconf 90' lang='lat' dir='ltr'>enim</span> <span class='ocrx_word' id='word_1_214' title='bbox 2166 2667 2236 2726; x_wconf 89' lang='lat' dir='ltr'>ibi</span> 
     </span>
     <span class='ocr_line' id='line_1_30' title="bbox 270 2760 2234 2837; baseline -0.003 -18"><span class='ocrx_word' id='word_1_215' title='bbox 270 2761 376 2819; x_wconf 91' lang='lat' dir='ltr'>sub</span> <span class='ocrx_word' id='word_1_216' title='bbox 406 2761 626 2820; x_wconf 89' lang='lat' dir='ltr'>lumine</span> <span class='ocrx_word' id='word_1_217' title='bbox 657 2762 936 2837; x_wconf 63' lang='lat' dir='ltr'>principii</span> <span class='ocrx_word' id='word_1_218' title='bbox 958 2762 1308 2819; x_wconf 80' lang='lat' dir='ltr'>causalitatis</span> <span class='ocrx_word' id='word_1_219' title='bbox 1337 2761 1588 2820; x_wconf 90' lang='lat' dir='ltr'>stabilita</span> <span class='ocrx_word' id='word_1_220' title='bbox 1617 2771 1766 2832; x_wconf 91' lang='lat' dir='ltr'>sunt,</span> <span class='ocrx_word' id='word_1_221' title='bbox 1811 2762 1984 2832; x_wconf 79' lang='lat' dir='ltr'>haeC,</span> <span class='ocrx_word' id='word_1_222' title='bbox 2032 2760 2234 2819; x_wconf 89' lang='lat' dir='ltr'>eadem</span> 
     </span>
    </p>
   </div>
   <div class='ocr_carea' id='block_1_5' title="bbox 265 181 1597 236">
    <p class='ocr_par' dir='ltr' id='par_1_7' title="bbox 265 181 1597 236">
     <span class='ocr_line' id='line_1_31' title="bbox 265 181 1597 236; baseline -0.001 -17"><span class='ocrx_word' id='word_1_223' title='bbox 265 185 284 219; x_wconf 88' lang='lat'>1</span> <span class='ocrx_word' id='word_1_224' title='bbox 298 184 360 236; x_wconf 88' lang='lat'>72</span> <span class='ocrx_word' id='word_1_225' title='bbox 889 183 967 219; x_wconf 83' lang='grc' dir='ltr'>ΤΗ</span> <span class='ocrx_word' id='word_1_226' title='bbox 975 184 1150 219; x_wconf 82' lang='lat' dir='ltr'>EOLOG</span> <span class='ocrx_word' id='word_1_227' title='bbox 1160 181 1218 220; x_wconf 79' lang='lat' dir='ltr'>[A</span> <span class='ocrx_word' id='word_1_228' title='bbox 1259 183 1597 220; x_wconf 76' lang='lat' dir='ltr'>NATURALIS.</span> 
     </span>
    </p>
   </div>
   <div class='ocr_carea' id='block_1_6' title="bbox 272 2958 2313 3355">
    <p class='ocr_par' dir='ltr' id='par_1_8' title="bbox 272 2958 2313 3355">
     <span class='ocr_line' id='line_1_32' title="bbox 398 2958 2313 3036; baseline -0.002 -20"><span class='ocrx_word' id='word_1_229' title='bbox 398 2966 414 2998; x_wconf 92' lang='lat'>¹</span> <span class='ocrx_word' id='word_1_230' title='bbox 451 2969 648 3018; x_wconf 90' lang='lat' dir='ltr'>Motum</span> <span class='ocrx_word' id='word_1_231' title='bbox 700 2970 780 3018; x_wconf 91' lang='lat' dir='ltr'>hic</span> <span class='ocrx_word' id='word_1_232' title='bbox 834 2969 1170 3036; x_wconf 89' lang='lat' dir='ltr'>intellegimus</span> <span class='ocrx_word' id='word_1_233' title='bbox 1224 2987 1377 3020; x_wconf 89' lang='lat' dir='ltr'>sensu</span> <span class='ocrx_word' id='word_1_234' title='bbox 1428 2971 1557 3030; x_wconf 88' lang='lat' dir='ltr'>lato,</span> <span class='ocrx_word' id='word_1_235' title='bbox 1625 2978 1872 3035; x_wconf 90' lang='lat' dir='ltr'>quatenus</span> <span class='ocrx_word' id='word_1_236' title='bbox 1923 2970 2118 3020; x_wconf 87' lang='lat' dir='ltr'>scilicet</span> <span class='ocrx_word' id='word_1_237' title='bbox 2169 2977 2233 3015; x_wconf 85' lang='lat' dir='ltr'>est</span> <span class='ocrx_word' id='word_1_238' title='bbox 2312 2958 2313 2963; x_wconf 32' lang='lat'>¹</span> 
     </span>
     <span class='ocr_line' id='line_1_33' title="bbox 274 3048 2235 3114; baseline -0.001 -18"><span class='ocrx_word' id='word_1_239' title='bbox 274 3048 510 3098; x_wconf 88' lang='lat' dir='ltr'>transitus</span> <span class='ocrx_word' id='word_1_240' title='bbox 549 3050 613 3098; x_wconf 89' lang='lat' dir='ltr'>de</span> <span class='ocrx_word' id='word_1_241' title='bbox 650 3050 879 3114; x_wconf 81' lang='lat' dir='ltr'>potentia</span> <span class='ocrx_word' id='word_1_242' title='bbox 917 3051 980 3099; x_wconf 81' lang='lat' dir='ltr'>ad</span> <span class='ocrx_word' id='word_1_243' title='bbox 1019 3059 1215 3111; x_wconf 83' lang='lat' dir='ltr'>actum;</span> <span class='ocrx_word' id='word_1_244' title='bbox 1270 3052 1320 3099; x_wconf 93' lang='lat' dir='ltr'>in</span> <span class='ocrx_word' id='word_1_245' title='bbox 1373 3052 1525 3100; x_wconf 90' lang='lat' dir='ltr'>rebus</span> <span class='ocrx_word' id='word_1_246' title='bbox 1577 3059 1741 3100; x_wconf 84' lang='lat' dir='ltr'>tamen</span> <span class='ocrx_word' id='word_1_247' title='bbox 1793 3049 2101 3110; x_wconf 86' lang='lat' dir='ltr'>observatis,</span> <span class='ocrx_word' id='word_1_248' title='bbox 2153 3063 2235 3113; x_wconf 88' lang='lat' dir='ltr'>pro</span> 
     </span>
     <span class='ocr_line' id='line_1_34' title="bbox 272 3129 2230 3196; baseline -0.002 -19"><span class='ocrx_word' id='word_1_249' title='bbox 272 3130 711 3193; x_wconf 84' lang='lat' dir='ltr'>argumentatione</span> <span class='ocrx_word' id='word_1_250' title='bbox 748 3138 920 3179; x_wconf 88' lang='lat' dir='ltr'>nostra</span> <span class='ocrx_word' id='word_1_251' title='bbox 956 3130 1095 3179; x_wconf 90' lang='lat' dir='ltr'>illum</span> <span class='ocrx_word' id='word_1_252' title='bbox 1132 3132 1294 3180; x_wconf 90' lang='lat' dir='ltr'>solum</span> <span class='ocrx_word' id='word_1_253' title='bbox 1333 3132 1593 3181; x_wconf 86' lang='lat' dir='ltr'>transitum</span> <span class='ocrx_word' id='word_1_254' title='bbox 1631 3130 1953 3190; x_wconf 85' lang='lat' dir='ltr'>attendimus,</span> <span class='ocrx_word' id='word_1_255' title='bbox 1997 3130 2082 3196; x_wconf 89' lang='lat' dir='ltr'>qui</span> <span class='ocrx_word' id='word_1_256' title='bbox 2107 3129 2157 3177; x_wconf 86' lang='lat' dir='ltr'>fit</span> <span class='ocrx_word' id='word_1_257' title='bbox 2178 3143 2230 3175; x_wconf 87' lang='lat' dir='ltr'>ex</span> 
     </span>
     <span class='ocr_line' id='line_1_35' title="bbox 272 3208 2313 3276; baseline -0.001 -19"><span class='ocrx_word' id='word_1_258' title='bbox 272 3217 405 3258; x_wconf 84' lang='lat' dir='ltr'>statu</span> <span class='ocrx_word' id='word_1_259' title='bbox 442 3208 811 3273; x_wconf 87' lang='lat' dir='ltr'>imperfectiore</span> <span class='ocrx_word' id='word_1_260' title='bbox 848 3210 914 3258; x_wconf 90' lang='lat' dir='ltr'>ad</span> <span class='ocrx_word' id='word_1_261' title='bbox 950 3219 1131 3259; x_wconf 89' lang='lat' dir='ltr'>statum</span> <span class='ocrx_word' id='word_1_262' title='bbox 1180 3212 1549 3276; x_wconf 83' lang='lat' dir='ltr'>perfectiorem.</span> <span class='ocrx_word' id='word_1_263' title='bbox 1624 3211 1706 3259; x_wconf 89' lang='lat' dir='ltr'>De</span> <span class='ocrx_word' id='word_1_264' title='bbox 1757 3210 1968 3260; x_wconf 86' lang='lat' dir='ltr'>diversis</span> <span class='ocrx_word' id='word_1_265' title='bbox 2026 3218 2229 3259; x_wconf 88' lang='lat' dir='ltr'>motuum</span> <span class='ocrx_word' id='word_1_266' title='bbox 2312 3228 2313 3268; x_wconf 62' lang='lat'>3</span> 
     </span>
     <span class='ocr_line' id='line_1_36' title="bbox 272 3289 1197 3355; baseline 0.002 -16"><span class='ocrx_word' id='word_1_267' title='bbox 272 3290 539 3353; x_wconf 88' lang='lat' dir='ltr'>speciebus</span> <span class='ocrx_word' id='word_1_268' title='bbox 574 3291 689 3339; x_wconf 84' lang='lat' dir='ltr'>vide</span> <span class='ocrx_word' id='word_1_269' title='bbox 727 3289 824 3340; x_wconf 89' lang='lat' dir='ltr'>vol.</span> <span class='ocrx_word' id='word_1_270' title='bbox 864 3292 903 3349; x_wconf 87' lang='grc' dir='ltr'>Ι,</span> <span class='ocrx_word' id='word_1_271' title='bbox 946 3301 1047 3351; x_wconf 88' lang='lat'>227</span> <span class='ocrx_word' id='word_1_272' title='bbox 1087 3308 1197 3355; x_wconf 91' lang='lat' dir='ltr'>sqq.</span> 
     </span>
    </p>
   </div>
   <div class='ocr_carea' id='block_1_7' title="bbox 383 3366 1848 3433">
    <p class='ocr_par' dir='ltr' id='par_1_9' title="bbox 383 3366 1848 3433">
     <span class='ocr_line' id='line_1_37' title="bbox 383 3366 1848 3433; baseline 0.003 -18"><span class='ocrx_word' id='word_1_273' title='bbox 383 3366 404 3397; x_wconf 81' lang='lat'><em>2</em></span> <span class='ocrx_word' id='word_1_274' title='bbox 455 3368 532 3415; x_wconf 87' lang='lat' dir='ltr'>Cf.</span> <span class='ocrx_word' id='word_1_275' title='bbox 571 3369 670 3417; x_wconf 87' lang='lat' dir='ltr'>vol.</span> <span class='ocrx_word' id='word_1_276' title='bbox 710 3370 749 3427; x_wconf 85' lang='grc' dir='ltr'>Ι,</span> <span class='ocrx_word' id='word_1_277' title='bbox 791 3382 894 3430; x_wconf 87' lang='lat'>229</span> <span class='ocrx_word' id='word_1_278' title='bbox 933 3387 1007 3433; x_wconf 88' lang='lat' dir='ltr'>sq.</span> <span class='ocrx_word' id='word_1_279' title='bbox 1156 3368 1176 3400; x_wconf 82' lang='lat'>⁸</span> <span class='ocrx_word' id='word_1_280' title='bbox 1216 3372 1292 3419; x_wconf 90' lang='lat' dir='ltr'>Cf.</span> <span class='ocrx_word' id='word_1_281' title='bbox 1332 3372 1429 3420; x_wconf 88' lang='lat' dir='ltr'>vol.</span> <span class='ocrx_word' id='word_1_282' title='bbox 1468 3373 1507 3433; x_wconf 88' lang='grc' dir='ltr'>Ι,</span> <span class='ocrx_word' id='word_1_283' title='bbox 1548 3384 1848 3433; x_wconf 83' lang='lat'>402—404.</span> 
     </span>
    </p>
   </div>
   <div class='ocr_carea' id='block_1_8' title="bbox 2298 168 2328 3670">
    <p class='ocr_par' dir='ltr' id='par_1_10' title="bbox 2298 168 2328 3670">
     <span class='ocr_line' id='line_1_38' title="bbox 2298 168 2328 3670; baseline 0 0"><span class='ocrx_word' id='word_1_284' title='bbox 2298 168 2328 3670; x_wconf 95' lang='lat' dir='ltr'> </span> 
     </span>
    </p>
   </div>
  </div>
 </body>
</html>
