2367 3850
311 213 377 260 62
749 221 1251 260 ANTHROPOLOGIA.
1320 221 1455 257 PARS
1496 220 1845 258 ANALYTICA.

431 365 487 446 a)
532 371 800 446 Systema
841 370 1002 428 enim
1030 370 1294 428 Platonis
1333 369 1413 427 de
1443 368 1931 444 praeexsistentia
1956 366 2301 424 animarum

311 471 371 519 et
411 460 680 518 idearum
708 459 1150 517 reminiscentia
1181 459 1346 517 nullo
1389 457 1593 517 nititur
1634 458 2050 526 fundamento,
2090 456 2301 524 imm0,

312 549 515 624 quoad
581 548 852 608 idearum
922 546 1403 607 efformationem
1428 592 1441 617 ,
1520 546 1926 622 experientiae
1996 556 2092 605 est
2166 564 2304 603 con·

313 639 574 697 trarium.

432 721 494 802 b)
560 727 831 786 Gratuito
901 719 1122 787 deinde
1193 726 1442 785 omnino
1516 746 1552 784 a
1618 727 1952 786 cartesz‘anis
2026 725 2304 784 statuitur

314 817 574 875 animam
602 816 993 876 essentialiter
1035 834 1164 876 esse
1210 815 1591 892 cogitantem.
1648 817 1739 874 Ex
1783 834 1858 874 eo
1902 814 2089 886 enim,
2136 815 2303 890 quod

313 907 512 964 anima
563 906 870 965 actualiter
919 916 1008 965 est
1056 905 1291 976 vivens,
1354 924 1480 963 non
1522 905 1810 980 sequitur,
1869 915 1933 963 ut
1986 904 2305 963 actualiter

315 997 585 1071 cogitans
639 1013 768 1054 esse
819 996 1072 1069 debeat3
1128 995 1343 1056 sufficit
1386 995 1563 1066 enim,
1624 1005 1686 1052 ut
1732 996 1804 1053 sit
1844 995 2305 1052 substantialiter

313 1085 519 1144 vivens
543 1087 576 1144 ¹.

436 1169 492 1250 c)
537 1176 792 1234 Schema
819 1193 964 1234 vero
994 1176 1137 1234 illud
1166 1175 1433 1233 idearum
1464 1174 1845 1234 confusarum
1882 1175 2064 1232 totius
2093 1173 2301 1232 mundi

315 1264 556 1340 singulis
613 1264 822 1322 animis
877 1265 1144 1322 innatum
1161 1311 1175 1336 ,
1251 1284 1285 1322 a
1356 1263 1641 1321 Leibm'zio
1696 1263 1835 1321 satis
1896 1263 2151 1322 confuse
2217 1274 2300 1322 est

317 1352 742 1430 excogitatum,
805 1352 918 1411 nisi
974 1352 1126 1412 forte
1186 1353 1259 1412 sit
1317 1354 1447 1428 ipsa
1501 1353 1603 1410 illa
1656 1353 1927 1428 potentia
1988 1352 2161 1412 ideas
2224 1353 2303 1410 di-

316 1460 515 1500 versas
557 1442 930 1513 efformandi,
975 1461 1154 1517 quam
1199 1441 1538 1501 scholastici
1578 1442 1911 1500 admittunt.

436 1527 499 1605 d)
535 1531 1020 1605 Ontologistarum
1051 1531 1314 1607 denique
1343 1531 1639 1590 sententia
1662 1532 2073 1607 experientiae
2095 1543 2300 1608 aperte

320 1620 694 1680 contradicit.
778 1622 987 1680 Ideam
1030 1621 1193 1680 enirn
1237 1621 1354 1680 Dei
1410 1621 1521 1680 sibi
1569 1639 1699 1680 esse
1743 1621 2077 1696 ingenitam
2119 1640 2300 1681 nemo

320 1727 601 1784 umquam
645 1720 919 1786 expertus
963 1719 1066 1781 est,
1123 1712 1309 1769 immo
1352 1711 1720 1786 experientia
1761 1711 1979 1768 scimus
2025 1713 2228 1770 Deum
2270 1730 2301 1766 a

319 1799 493 1858 nobis
535 1817 660 1857 non
701 1799 966 1859 intuitive
1023 1801 1130 1858 sed
1179 1801 1515 1870 discursive,
1571 1819 1683 1876 per
1724 1800 2297 1876 contemplationem

319 1906 518 1947 rerum
559 1889 1011 1961 mundanarum,
1057 1889 1361 1965 cognosci.

441 1985 828 2061 Quapropter
885 1988 1104 2045 Sancta
1144 1989 1425 2046 Romana
1471 1997 1531 2046 et
1573 1988 1942 2047 Universalis
1984 1988 2297 2061 Inquisitio

321 2070 440 2149 (die
504 2078 572 2133 18
617 2077 778 2151 Sept.
844 2071 1017 2151 1861)
1069 2075 1400 2135 declaravit
1455 2077 1559 2135 has
1615 2076 2114 2151 ontologistarum
2172 2095 2297 2153 pro-

320 2164 646 2239 positiones
687 2172 808 2223 tuto
849 2166 1010 2223 tradi
1048 2185 1159 2224 non
1189 2176 1356 2243 posse
1371 2189 1389 2225 .·

450 2274 497 2311 1.
535 2254 920 2313 «Immediata
940 2255 1057 2314 Dei
1078 2256 1363 2331 cognitio,
1390 2256 1704 2315 habitualis
1724 2256 1952 2327 saltem,
1977 2255 2299 2315 intellectui

321 2342 583 2401 humano
640 2344 966 2402 essentialis
1022 2355 1140 2417 est,
1200 2346 1283 2404 ita
1321 2357 1384 2404 ut
1439 2346 1568 2405 sine
1612 2364 1683 2403 ea
1737 2346 1885 2403 nihil
1929 2362 2298 2419 cognoscere

321 2432 534 2506 possit:
580 2433 628 2491 si
670 2433 915 2507 quidem
958 2443 1047 2492 est
1087 2435 1281 2510 ipsum
1323 2436 1526 2494 lumen
1568 2435 2025 2493 intellectuale.»

445 2542 493 2579 2.
545 2522 732 2580 «Illud
773 2540 920 2593 esse,
969 2523 1130 2598 quod
1172 2524 1235 2581 in
1280 2525 1555 2583 omnibus
1595 2534 1658 2582 et
1698 2525 1827 2583 sine
1872 2542 1995 2597 quo
2032 2526 2187 2582 nihil
2221 2524 2298 2581 in-

322 2610 671 2685 tellegimus,
717 2621 806 2669 est
847 2629 975 2670 esse
1019 2612 1341 2671 divinum.»

445 2710 538 2767 De
598 2710 816 2768 Kantii
878 2729 1022 2769 vero
1093 2712 1730 2771 transcendentalismo
1752 2758 1765 2783 ,
1836 2712 1915 2770 de
1986 2711 2301 2786 categoriis

322 2798 549 2857 scilicet
590 2800 715 2858 eius
756 2809 816 2858 et
871 2800 1020 2859 ideis
1075 2801 1375 2861 directivis
1432 2802 1617 2860 menti
1673 2802 1922 2873 innatiS,
1981 2802 2122 2859 satis
2164 2800 2301 2858 dixi—

323 2906 450 2946 mus
493 2889 556 2947 in
597 2888 793 2965 logica
812 2890 850 2947 ².

444 3030 700 3088 Assertio
741 3032 828 3089 II.
879 3062 949 3070 —
993 3031 1177 3089 Nihil
1211 3040 1294 3090 est
1331 3035 1392 3090 in
1439 3033 1719 3091 intellectu
1765 3035 1881 3091 nisi
1902 3034 2081 3109 prius
2110 3032 2304 3107 fuerit

324 3121 384 3177 in
425 3138 604 3182 sensu.
689 3122 760 3179 Id
803 3131 906 3192 est,
953 3132 1014 3179 ut
1056 3122 1133 3180 de
1174 3123 1444 3197 potentia
1484 3123 1562 3180 ad
1600 3133 1797 3181 actum
1841 3122 2094 3181 transire
2122 3120 2299 3198 possit

455 3331 466 3359 ¹
509 3332 585 3381 Cf.
625 3334 843 3381 Lelzmen
881 3333 914 3381 l.
956 3350 998 3383 c.
1041 3350 1090 3397 p.
1134 3334 1237 3397 358
1277 3343 1326 3381 et
1366 3344 1485 3397 359.

449 3408 470 3439 ²
510 3410 586 3458 Cf.
628 3412 726 3459 vol.
767 3412 805 3469 Ι,
854 3424 949 3459 112
990 3430 1102 3477 sqq.
