<?xml version="1.0" encoding="UTF-8"?>
<!DOCTYPE html PUBLIC "-//W3C//DTD XHTML 1.0 Transitional//EN"
    "http://www.w3.org/TR/xhtml1/DTD/xhtml1-transitional.dtd">
<html xmlns="http://www.w3.org/1999/xhtml" xml:lang="en" lang="en">
 <head>
  <title>
</title>
<meta http-equiv="Content-Type" content="text/html;charset=utf-8" />
  <meta name='ocr-system' content='tesseract 3.04.00' />
  <meta name='ocr-capabilities' content='ocr_page ocr_carea ocr_par ocr_line ocrx_word'/>
</head>
<body>
  <div class='ocr_page' id='page_1' title='image "./elementaphiloso01reingoog_0032.png"; bbox 0 0 2367 3850; ppageno 0'>
   <div class='ocr_carea' id='block_1_1' title="bbox 1119 1038 1418 1088">
    <p class='ocr_par' dir='ltr' id='par_1_1' title="bbox 1119 1038 1418 1088">
     <span class='ocr_line' id='line_1_1' title="bbox 1119 1038 1418 1088; baseline -0.003 -8"><span class='ocrx_word' id='word_1_1' title='bbox 1119 1038 1283 1088; x_wconf 84' lang='lat' dir='ltr'><strong>QUAE</strong></span> <span class='ocrx_word' id='word_1_2' title='bbox 1310 1039 1418 1080; x_wconf 88' lang='lat' dir='ltr'><strong>EST</strong></span> 
     </span>
    </p>
   </div>
   <div class='ocr_carea' id='block_1_2' title="bbox 836 1161 1697 1243">
    <p class='ocr_par' dir='ltr' id='par_1_2' title="bbox 836 1161 1697 1243">
     <span class='ocr_line' id='line_1_2' title="bbox 836 1161 1697 1243; baseline -0.001 0"><span class='ocrx_word' id='word_1_3' title='bbox 836 1161 1697 1243; x_wconf 85' lang='lat' dir='ltr'><strong>ANALYTICA.</strong></span> 
     </span>
    </p>
   </div>
   <div class='ocr_carea' id='block_1_3' title="bbox 980 787 2346 1060">
    <p class='ocr_par' dir='ltr' id='par_1_3' title="bbox 980 787 2346 1060">
     <span class='ocr_line' id='line_1_3' title="bbox 980 787 2346 1060; baseline 0 -87"><span class='ocrx_word' id='word_1_4' title='bbox 980 911 1212 974; x_wconf 88' lang='lat' dir='ltr'>PARS</span> <span class='ocrx_word' id='word_1_5' title='bbox 1259 911 1549 987; x_wconf 92' lang='lat' dir='ltr'><strong>PRIOR,</strong></span> <span class='ocrx_word' id='word_1_6' title='bbox 2340 787 2346 1060; x_wconf 63' lang='grc'><strong>1</strong></span> 
     </span>
    </p>
   </div>
   <div class='ocr_carea' id='block_1_4' title="bbox 2337 1361 2347 1618">
    <p class='ocr_par' dir='ltr' id='par_1_4' title="bbox 2337 1361 2347 1618">
     <span class='ocr_line' id='line_1_4' title="bbox 2337 1361 2347 1618; baseline 0 2232"><span class='ocrx_word' id='word_1_7' title='bbox 2337 1361 2347 1618; x_wconf 95' lang='lat' dir='ltr'><strong> </strong></span> 
     </span>
    </p>
   </div>
   <div class='ocr_carea' id='block_1_5' title="bbox 1103 1474 1421 1537">
    <p class='ocr_par' dir='ltr' id='par_1_5' title="bbox 1103 1474 1421 1537">
     <span class='ocr_line' id='line_1_5' title="bbox 1103 1474 1421 1537; baseline 0.006 -2"><span class='ocrx_word' id='word_1_8' title='bbox 1103 1474 1331 1536; x_wconf 81' lang='lat' dir='ltr'>LIBER</span> <span class='ocrx_word' id='word_1_9' title='bbox 1378 1488 1421 1537; x_wconf 93' lang='lat'><strong>1.</strong></span> 
     </span>
    </p>
   </div>
   <div class='ocr_carea' id='block_1_6' title="bbox 286 1604 2346 1767">
    <p class='ocr_par' dir='ltr' id='par_1_6' title="bbox 286 1604 2346 1767">
     <span class='ocr_line' id='line_1_6' title="bbox 286 1604 2346 1671; baseline 0 -5"><span class='ocrx_word' id='word_1_10' title='bbox 286 1605 408 1667; x_wconf 91' lang='lat' dir='ltr'><strong>DE</strong></span> <span class='ocrx_word' id='word_1_11' title='bbox 454 1605 814 1669; x_wconf 91' lang='lat' dir='ltr'>HOMINE</span> <span class='ocrx_word' id='word_1_12' title='bbox 861 1605 988 1671; x_wconf 95' lang='lat' dir='ltr'><strong>UT</strong></span> <span class='ocrx_word' id='word_1_13' title='bbox 1033 1605 1202 1669; x_wconf 87' lang='lat' dir='ltr'><strong>EST</strong></span> <span class='ocrx_word' id='word_1_14' title='bbox 1250 1605 1599 1671; x_wconf 88' lang='lat' dir='ltr'>CORPUS</span> <span class='ocrx_word' id='word_1_15' title='bbox 1646 1605 1985 1669; x_wconf 87' lang='lat' dir='ltr'>VIVENS</span> <span class='ocrx_word' id='word_1_16' title='bbox 2034 1604 2253 1668; x_wconf 86' lang='lat' dir='ltr'>VITA</span> <span class='ocrx_word' id='word_1_17' title='bbox 2344 1627 2346 1630; x_wconf 51' lang='lat'><em>⁴</em></span> 
     </span>
     <span class='ocr_line' id='line_1_7' title="bbox 952 1703 1580 1767; baseline 0 0"><span class='ocrx_word' id='word_1_18' title='bbox 952 1703 1580 1767; x_wconf 90' lang='lat' dir='ltr'>VEGETATIVA.</span> 
     </span>
    </p>
   </div>
   <div class='ocr_carea' id='block_1_7' title="bbox 280 1845 2343 2459">
    <p class='ocr_par' dir='ltr' id='par_1_7' title="bbox 280 1845 2343 2459">
     <span class='ocr_line' id='line_1_8' title="bbox 401 1845 2249 1923; baseline 0 -20"><span class='ocrx_word' id='word_1_19' title='bbox 401 1845 729 1904; x_wconf 85' lang='lat' dir='ltr'>Hominem</span> <span class='ocrx_word' id='word_1_20' title='bbox 770 1864 900 1905; x_wconf 88' lang='lat' dir='ltr'><strong>esse</strong></span> <span class='ocrx_word' id='word_1_21' title='bbox 956 1864 1062 1904; x_wconf 90' lang='lat' dir='ltr'><strong>ens</strong></span> <span class='ocrx_word' id='word_1_22' title='bbox 1118 1865 1478 1922; x_wconf 90' lang='lat' dir='ltr'><strong>corporeum</strong></span> <span class='ocrx_word' id='word_1_23' title='bbox 1518 1848 1613 1906; x_wconf 91' lang='lat' dir='ltr'><strong>vel</strong></span> <span class='ocrx_word' id='word_1_24' title='bbox 1653 1855 1885 1923; x_wconf 83' lang='lat' dir='ltr'><strong>corpus,</strong></span> <span class='ocrx_word' id='word_1_25' title='bbox 1941 1845 2249 1904; x_wconf 88' lang='lat' dir='ltr'><strong>manifeste</strong></span> 
     </span>
     <span class='ocr_line' id='line_1_9' title="bbox 283 1936 2251 2013; baseline 0 -20"><span class='ocrx_word' id='word_1_26' title='bbox 283 1945 550 2011; x_wconf 89' lang='lat' dir='ltr'><strong>apparet.</strong></span> <span class='ocrx_word' id='word_1_27' title='bbox 633 1938 704 1995; x_wconf 90' lang='lat' dir='ltr'><strong>In</strong></span> <span class='ocrx_word' id='word_1_28' title='bbox 757 1937 890 2013; x_wconf 91' lang='lat' dir='ltr'><strong>ipso</strong></span> <span class='ocrx_word' id='word_1_29' title='bbox 948 1938 1107 1996; x_wconf 89' lang='lat' dir='ltr'><strong>enim</strong></span> <span class='ocrx_word' id='word_1_30' title='bbox 1167 1937 1509 1996; x_wconf 88' lang='lat' dir='ltr'><strong>immediate</strong></span> <span class='ocrx_word' id='word_1_31' title='bbox 1565 1936 2072 2013; x_wconf 88' lang='lat' dir='ltr'><strong>apprehendimus</strong></span> <span class='ocrx_word' id='word_1_32' title='bbox 2124 1953 2251 2012; x_wconf 91' lang='lat' dir='ltr'><strong>pro-</strong></span> 
     </span>
     <span class='ocr_line' id='line_1_10' title="bbox 284 2024 2250 2102; baseline -0.001 -20"><span class='ocrx_word' id='word_1_33' title='bbox 284 2024 562 2100; x_wconf 85' lang='lat' dir='ltr'><strong>prietates</strong></span> <span class='ocrx_word' id='word_1_34' title='bbox 585 2024 712 2084; x_wconf 86' lang='lat' dir='ltr'><strong>illas</strong></span> <span class='ocrx_word' id='word_1_35' title='bbox 740 2044 966 2098; x_wconf 82' lang='lat' dir='ltr'><strong>omneS‚</strong></span> <span class='ocrx_word' id='word_1_36' title='bbox 998 2044 1146 2101; x_wconf 85' lang='lat' dir='ltr'><strong>quas</strong></span> <span class='ocrx_word' id='word_1_37' title='bbox 1173 2026 1527 2102; x_wconf 86' lang='lat' dir='ltr'><strong>corporibus</strong></span> <span class='ocrx_word' id='word_1_38' title='bbox 1554 2025 1885 2102; x_wconf 87' lang='lat' dir='ltr'><strong>generatim</strong></span> <span class='ocrx_word' id='word_1_39' title='bbox 1913 2024 2250 2093; x_wconf 86' lang='lat' dir='ltr'><strong>convenire,</strong></span> 
     </span>
     <span class='ocr_line' id='line_1_11' title="bbox 283 2112 2253 2191; baseline -0.001 -20"><span class='ocrx_word' id='word_1_40' title='bbox 283 2115 652 2189; x_wconf 88' lang='lat' dir='ltr'><strong>cosmologia</strong></span> <span class='ocrx_word' id='word_1_41' title='bbox 693 2114 888 2174; x_wconf 89' lang='lat' dir='ltr'><strong>docet.</strong></span> <span class='ocrx_word' id='word_1_42' title='bbox 958 2115 1142 2175; x_wconf 92' lang='lat' dir='ltr'><strong>Unde</strong></span> <span class='ocrx_word' id='word_1_43' title='bbox 1184 2116 1261 2175; x_wconf 90' lang='lat' dir='ltr'><strong>de</strong></span> <span class='ocrx_word' id='word_1_44' title='bbox 1289 2116 1535 2175; x_wconf 89' lang='lat' dir='ltr'><strong>homine</strong></span> <span class='ocrx_word' id='word_1_45' title='bbox 1575 2115 1693 2173; x_wconf 90' lang='lat' dir='ltr'><strong>iam</strong></span> <span class='ocrx_word' id='word_1_46' title='bbox 1730 2125 1893 2175; x_wconf 89' lang='lat' dir='ltr'><strong>recte</strong></span> <span class='ocrx_word' id='word_1_47' title='bbox 1922 2112 2253 2191; x_wconf 87' lang='lat' dir='ltr'><strong>praedicari</strong></span> 
     </span>
     <span class='ocr_line' id='line_1_12' title="bbox 284 2204 2250 2315; baseline -0.001 -54"><span class='ocrx_word' id='word_1_48' title='bbox 284 2214 528 2302; x_wconf 82' lang='lat' dir='ltr'><strong>possunt</strong></span> <span class='ocrx_word' id='word_1_49' title='bbox 569 2222 672 2274; x_wconf 90' lang='lat' dir='ltr'><strong>ea,</strong></span> <span class='ocrx_word' id='word_1_50' title='bbox 717 2223 872 2279; x_wconf 88' lang='lat' dir='ltr'><strong>quae</strong></span> <span class='ocrx_word' id='word_1_51' title='bbox 915 2204 990 2264; x_wconf 91' lang='lat' dir='ltr'><strong>de</strong></span> <span class='ocrx_word' id='word_1_52' title='bbox 1034 2205 1413 2280; x_wconf 85' lang='lat' dir='ltr'><strong>corporibuS‚</strong></span> <span class='ocrx_word' id='word_1_53' title='bbox 1473 2214 1764 2279; x_wconf 89' lang='lat' dir='ltr'><strong>quatenus</strong></span> <span class='ocrx_word' id='word_1_54' title='bbox 1808 2222 2066 2315; x_wconf 85' lang='lat' dir='ltr'><strong>corpora</strong></span> <span class='ocrx_word' id='word_1_55' title='bbox 2106 2211 2250 2272; x_wconf 89' lang='lat' dir='ltr'><strong>sunt,</strong></span> 
     </span>
     <span class='ocr_line' id='line_1_13' title="bbox 280 2214 2343 2459; baseline 0.002 -111"><span class='ocrx_word' id='word_1_56' title='bbox 280 2291 344 2348; x_wconf 89' lang='lat' dir='ltr'><strong>in</strong></span> <span class='ocrx_word' id='word_1_57' title='bbox 387 2292 753 2368; x_wconf 90' lang='lat' dir='ltr'><strong>cosmologia</strong></span> <span class='ocrx_word' id='word_1_58' title='bbox 794 2292 1245 2353; x_wconf 76' lang='lat' dir='ltr'><strong>declaravimus,</strong></span> <span class='ocrx_word' id='word_1_59' title='bbox 2334 2214 2343 2459; x_wconf 64' lang='grc'>1</span> 
     </span>
    </p>
   </div>
   <div class='ocr_carea' id='block_1_8' title="bbox 2335 1635 2347 1904">
    <p class='ocr_par' dir='ltr' id='par_1_8' title="bbox 2335 1635 2347 1904">
     <span class='ocr_line' id='line_1_14' title="bbox 2335 1635 2347 1904; baseline 0 1946"><span class='ocrx_word' id='word_1_60' title='bbox 2335 1635 2347 1904; x_wconf 95' lang='lat' dir='ltr'><strong> </strong></span> 
     </span>
    </p>
   </div>
   <div class='ocr_carea' id='block_1_9' title="bbox 2337 1938 2345 2177">
    <p class='ocr_par' dir='ltr' id='par_1_9' title="bbox 2337 1938 2345 2177">
     <span class='ocr_line' id='line_1_15' title="bbox 2337 1938 2345 2177; baseline 0 0"><span class='ocrx_word' id='word_1_61' title='bbox 2337 1938 2345 2177; x_wconf 95' lang='lat' dir='ltr'><strong> </strong></span> 
     </span>
    </p>
   </div>
   <div class='ocr_carea' id='block_1_10' title="bbox 281 2381 2340 2992">
    <p class='ocr_par' dir='ltr' id='par_1_10' title="bbox 281 2381 2340 2992">
     <span class='ocr_line' id='line_1_16' title="bbox 403 2381 2251 2482; baseline -0.001 -43"><span class='ocrx_word' id='word_1_62' title='bbox 403 2382 616 2482; x_wconf 84' lang='lat' dir='ltr'><strong>Neque</strong></span> <span class='ocrx_word' id='word_1_63' title='bbox 645 2392 847 2442; x_wconf 89' lang='lat' dir='ltr'><strong>tamen</strong></span> <span class='ocrx_word' id='word_1_64' title='bbox 875 2384 1058 2441; x_wconf 91' lang='lat' dir='ltr'><strong>homo</strong></span> <span class='ocrx_word' id='word_1_65' title='bbox 1077 2401 1295 2458; x_wconf 89' lang='lat' dir='ltr'><strong>corpus</strong></span> <span class='ocrx_word' id='word_1_66' title='bbox 1324 2394 1411 2442; x_wconf 87' lang='lat' dir='ltr'><strong>est</strong></span> <span class='ocrx_word' id='word_1_67' title='bbox 1430 2383 1873 2458; x_wconf 88' lang='lat' dir='ltr'><strong>quodcumque,</strong></span> <span class='ocrx_word' id='word_1_68' title='bbox 1904 2381 2014 2442; x_wconf 90' lang='lat' dir='ltr'><strong>sed</strong></span> <span class='ocrx_word' id='word_1_69' title='bbox 2042 2399 2251 2457; x_wconf 87' lang='lat' dir='ltr'><strong>corpus</strong></span> 
     </span>
     <span class='ocr_line' id='line_1_17' title="bbox 281 2470 2251 2547; baseline -0.001 -19"><span class='ocrx_word' id='word_1_70' title='bbox 281 2470 602 2545; x_wconf 91' lang='lat' dir='ltr'><strong>superioris</strong></span> <span class='ocrx_word' id='word_1_71' title='bbox 629 2471 938 2530; x_wconf 87' lang='lat' dir='ltr'><strong>cuiusdam</strong></span> <span class='ocrx_word' id='word_1_72' title='bbox 964 2481 1229 2530; x_wconf 88' lang='lat' dir='ltr'><strong>naturae.</strong></span> <span class='ocrx_word' id='word_1_73' title='bbox 1279 2471 1665 2547; x_wconf 89' lang='lat' dir='ltr'><strong>Experientia</strong></span> <span class='ocrx_word' id='word_1_74' title='bbox 1693 2471 1854 2531; x_wconf 90' lang='lat' dir='ltr'><strong>enim</strong></span> <span class='ocrx_word' id='word_1_75' title='bbox 1882 2480 2251 2547; x_wconf 89' lang='lat' dir='ltr'><strong>compertum</strong></span> 
     </span>
     <span class='ocr_line' id='line_1_18' title="bbox 281 2559 2246 2637; baseline -0.001 -20"><span class='ocrx_word' id='word_1_76' title='bbox 281 2559 568 2619; x_wconf 86' lang='lat' dir='ltr'><strong>habemus</strong></span> <span class='ocrx_word' id='word_1_77' title='bbox 609 2561 803 2637; x_wconf 89' lang='lat' dir='ltr'><strong>ipsum</strong></span> <span class='ocrx_word' id='word_1_78' title='bbox 858 2562 1182 2621; x_wconf 90' lang='lat' dir='ltr'><strong>convenire</strong></span> <span class='ocrx_word' id='word_1_79' title='bbox 1236 2579 1363 2620; x_wconf 89' lang='lat' dir='ltr'><strong>non</strong></span> <span class='ocrx_word' id='word_1_80' title='bbox 1414 2561 1604 2619; x_wconf 90' lang='lat' dir='ltr'><strong>solum</strong></span> <span class='ocrx_word' id='word_1_81' title='bbox 1660 2579 1798 2619; x_wconf 91' lang='lat' dir='ltr'><strong>cum</strong></span> <span class='ocrx_word' id='word_1_82' title='bbox 1851 2559 2246 2627; x_wconf 81' lang='lat' dir='ltr'><strong>mineralibuS,</strong></span> 
     </span>
     <span class='ocr_line' id='line_1_19' title="bbox 284 2648 2340 2724; baseline -0.001 -18"><span class='ocrx_word' id='word_1_83' title='bbox 284 2649 392 2707; x_wconf 88' lang='lat' dir='ltr'><strong>sed</strong></span> <span class='ocrx_word' id='word_1_84' title='bbox 435 2648 612 2708; x_wconf 86' lang='lat' dir='ltr'><strong>etiam</strong></span> <span class='ocrx_word' id='word_1_85' title='bbox 656 2668 790 2708; x_wconf 89' lang='lat' dir='ltr'><strong>cum</strong></span> <span class='ocrx_word' id='word_1_86' title='bbox 833 2650 1051 2724; x_wconf 85' lang='lat' dir='ltr'><strong>plantis</strong></span> <span class='ocrx_word' id='word_1_87' title='bbox 1093 2651 1189 2708; x_wconf 91' lang='lat' dir='ltr'><strong>vel</strong></span> <span class='ocrx_word' id='word_1_88' title='bbox 1232 2669 1367 2709; x_wconf 92' lang='lat' dir='ltr'><strong>cum</strong></span> <span class='ocrx_word' id='word_1_89' title='bbox 1411 2648 1762 2707; x_wconf 89' lang='lat' dir='ltr'><strong>animalibus</strong></span> <span class='ocrx_word' id='word_1_90' title='bbox 1802 2649 2018 2720; x_wconf 90' lang='lat' dir='ltr'><strong>brutis,</strong></span> <span class='ocrx_word' id='word_1_91' title='bbox 2076 2648 2249 2705; x_wconf 89' lang='lat' dir='ltr'><strong>immo</strong></span> <span class='ocrx_word' id='word_1_92' title='bbox 2339 2652 2340 2663; x_wconf 62' lang='lat'>¹</span> 
     </span>
     <span class='ocr_line' id='line_1_20' title="bbox 282 2737 2246 2817; baseline 0.001 -22"><span class='ocrx_word' id='word_1_93' title='bbox 282 2739 433 2795; x_wconf 89' lang='lat' dir='ltr'><strong>haec</strong></span> <span class='ocrx_word' id='word_1_94' title='bbox 476 2740 678 2797; x_wconf 86' lang='lat' dir='ltr'><strong>omnia</strong></span> <span class='ocrx_word' id='word_1_95' title='bbox 720 2738 795 2797; x_wconf 87' lang='lat' dir='ltr'><strong>ab</strong></span> <span class='ocrx_word' id='word_1_96' title='bbox 839 2739 970 2815; x_wconf 91' lang='lat' dir='ltr'><strong>ipso</strong></span> <span class='ocrx_word' id='word_1_97' title='bbox 1015 2740 1195 2815; x_wconf 89' lang='lat' dir='ltr'><strong>longe</strong></span> <span class='ocrx_word' id='word_1_98' title='bbox 1239 2737 1521 2817; x_wconf 85' lang='lat' dir='ltr'><strong>superari.</strong></span> <span class='ocrx_word' id='word_1_99' title='bbox 1594 2740 1721 2797; x_wconf 87' lang='lat' dir='ltr'><strong>Iam</strong></span> <span class='ocrx_word' id='word_1_100' title='bbox 1762 2756 1905 2797; x_wconf 91' lang='lat' dir='ltr'><strong>vero</strong></span> <span class='ocrx_word' id='word_1_101' title='bbox 1959 2738 2038 2797; x_wconf 93' lang='lat' dir='ltr'><strong>de</strong></span> <span class='ocrx_word' id='word_1_102' title='bbox 2094 2746 2246 2806; x_wconf 85' lang='lat' dir='ltr'><strong>nota,</strong></span> 
     </span>
     <span class='ocr_line' id='line_1_21' title="bbox 284 2825 2249 2904; baseline -0.001 -20"><span class='ocrx_word' id='word_1_103' title='bbox 284 2846 465 2903; x_wconf 90' lang='lat' dir='ltr'><strong>quam</strong></span> <span class='ocrx_word' id='word_1_104' title='bbox 504 2829 685 2888; x_wconf 88' lang='lat' dir='ltr'><strong>habet</strong></span> <span class='ocrx_word' id='word_1_105' title='bbox 728 2846 864 2886; x_wconf 91' lang='lat' dir='ltr'><strong>cum</strong></span> <span class='ocrx_word' id='word_1_106' title='bbox 906 2830 1318 2904; x_wconf 89' lang='lat' dir='ltr'><strong>vegetantibus</strong></span> <span class='ocrx_word' id='word_1_107' title='bbox 1360 2846 1762 2901; x_wconf 87' lang='lat' dir='ltr'><strong>communem,</strong></span> <span class='ocrx_word' id='word_1_108' title='bbox 1804 2826 1907 2886; x_wconf 89' lang='lat' dir='ltr'><strong>hic</strong></span> <span class='ocrx_word' id='word_1_109' title='bbox 1948 2825 2249 2904; x_wconf 88' lang='lat' dir='ltr'><strong>speciatim</strong></span> 
     </span>
     <span class='ocr_line' id='line_1_22' title="bbox 284 2917 732 2992; baseline 0 -16"><span class='ocrx_word' id='word_1_110' title='bbox 284 2926 372 2976; x_wconf 90' lang='lat' dir='ltr'><strong>est</strong></span> <span class='ocrx_word' id='word_1_111' title='bbox 412 2917 732 2992; x_wconf 85' lang='lat' dir='ltr'><strong>agendum.</strong></span> 
     </span>
    </p>
   </div>
  </div>
 </body>
</html>
