<?xml version="1.0" encoding="UTF-8"?>
<!DOCTYPE html PUBLIC "-//W3C//DTD XHTML 1.0 Transitional//EN"
    "http://www.w3.org/TR/xhtml1/DTD/xhtml1-transitional.dtd">
<html xmlns="http://www.w3.org/1999/xhtml" xml:lang="en" lang="en">
 <head>
  <title>
</title>
<meta http-equiv="Content-Type" content="text/html;charset=utf-8" />
  <meta name='ocr-system' content='tesseract 3.04.00' />
  <meta name='ocr-capabilities' content='ocr_page ocr_carea ocr_par ocr_line ocrx_word'/>
</head>
<body>
  <div class='ocr_page' id='page_1' title='image "./elementaphiloso01reingoog_0356.png"; bbox 0 0 2367 3850; ppageno 0'>
   <div class='ocr_carea' id='block_1_1' title="bbox 1576 13 2261 41">
    <p class='ocr_par' dir='ltr' id='par_1_1' title="bbox 1576 13 2261 41">
     <span class='ocr_line' id='line_1_1' title="bbox 1576 13 2261 41; baseline -0.001 0"><span class='ocrx_word' id='word_1_1' title='bbox 1576 13 1585 15; x_wconf 78' lang='grc'><em>“</em></span> <span class='ocrx_word' id='word_1_2' title='bbox 1636 13 2261 41; x_wconf 50' lang='grc' dir='ltr'><strong>;“·--’·..-·--’“-“Ἴιτ-----</strong></span> 
     </span>
    </p>
   </div>
   <div class='ocr_carea' id='block_1_2' title="bbox 270 213 1642 266">
    <p class='ocr_par' dir='ltr' id='par_1_2' title="bbox 270 213 1642 266">
     <span class='ocr_line' id='line_1_2' title="bbox 270 213 1642 266; baseline -0.001 -15"><span class='ocrx_word' id='word_1_3' title='bbox 270 216 299 266; x_wconf 83' lang='grc'>3</span> <span class='ocrx_word' id='word_1_4' title='bbox 306 216 374 266; x_wconf 83' lang='grc'><strong>30</strong></span> <span class='ocrx_word' id='word_1_5' title='bbox 870 214 1104 252; x_wconf 75' lang='lat' dir='ltr'><strong>ETHICA.</strong></span> <span class='ocrx_word' id='word_1_6' title='bbox 1164 213 1302 250; x_wconf 80' lang='lat' dir='ltr'>PARS</span> <span class='ocrx_word' id='word_1_7' title='bbox 1343 214 1368 249; x_wconf 93' lang='lat' dir='ltr'>S</span> <span class='ocrx_word' id='word_1_8' title='bbox 1375 213 1594 251; x_wconf 81' lang='lat' dir='ltr'><strong>PECIALI</strong></span> <span class='ocrx_word' id='word_1_9' title='bbox 1601 214 1625 249; x_wconf 93' lang='lat' dir='ltr'>S</span> <span class='ocrx_word' id='word_1_10' title='bbox 1632 239 1642 249; x_wconf 88' lang='lat'><strong>.</strong></span> 
     </span>
    </p>
   </div>
   <div class='ocr_carea' id='block_1_3' title="bbox 266 361 2270 1152">
    <p class='ocr_par' dir='ltr' id='par_1_3' title="bbox 270 361 2266 527">
     <span class='ocr_line' id='line_1_3' title="bbox 270 361 2266 439; baseline -0.002 -18"><span class='ocrx_word' id='word_1_11' title='bbox 270 382 423 438; x_wconf 88' lang='lat' dir='ltr'><strong>quae</strong></span> <span class='ocrx_word' id='word_1_12' title='bbox 466 365 545 423; x_wconf 91' lang='lat' dir='ltr'><strong>ad</strong></span> <span class='ocrx_word' id='word_1_13' title='bbox 585 363 1017 439; x_wconf 90' lang='lat' dir='ltr'><strong>perfectionem</strong></span> <span class='ocrx_word' id='word_1_14' title='bbox 1061 361 1494 438; x_wconf 81' lang='lat' dir='ltr'><strong>acqui1endam</strong></span> <span class='ocrx_word' id='word_1_15' title='bbox 1535 363 1931 437; x_wconf 89' lang='lat' dir='ltr'><strong>requiruntur,</strong></span> <span class='ocrx_word' id='word_1_16' title='bbox 1973 361 2266 437; x_wconf 86' lang='lat' dir='ltr'><strong>diligenti</strong></span> 
     </span>
     <span class='ocr_line' id='line_1_4' title="bbox 270 452 1451 527; baseline -0.002 -16"><span class='ocrx_word' id='word_1_17' title='bbox 270 462 329 511; x_wconf 90' lang='lat' dir='ltr'><strong>et</strong></span> <span class='ocrx_word' id='word_1_18' title='bbox 370 452 608 511; x_wconf 90' lang='lat' dir='ltr'><strong>assiduo</strong></span> <span class='ocrx_word' id='word_1_19' title='bbox 650 471 857 511; x_wconf 89' lang='lat' dir='ltr'><strong>eorum</strong></span> <span class='ocrx_word' id='word_1_20' title='bbox 900 453 1109 510; x_wconf 91' lang='lat' dir='ltr'><strong>labore</strong></span> <span class='ocrx_word' id='word_1_21' title='bbox 1152 470 1304 527; x_wconf 88' lang='lat' dir='ltr'><strong>opus</strong></span> <span class='ocrx_word' id='word_1_22' title='bbox 1347 460 1451 510; x_wconf 92' lang='lat' dir='ltr'><strong>est.</strong></span> 
     </span>
    </p>

    <p class='ocr_par' dir='ltr' id='par_1_4' title="bbox 266 540 2270 706">
     <span class='ocr_line' id='line_1_5' title="bbox 395 540 2270 617; baseline 0.001 -21"><span class='ocrx_word' id='word_1_23' title='bbox 395 542 614 617; x_wconf 82' lang='lat' dir='ltr'><strong>«Atqui</strong></span> <span class='ocrx_word' id='word_1_24' title='bbox 640 543 792 600; x_wconf 92' lang='lat' dir='ltr'><strong>haec</strong></span> <span class='ocrx_word' id='word_1_25' title='bbox 822 541 1129 600; x_wconf 83' lang='lat' dir='ltr'><strong>assiduitas</strong></span> <span class='ocrx_word' id='word_1_26' title='bbox 1158 550 1220 599; x_wconf 91' lang='lat' dir='ltr'><strong>et</strong></span> <span class='ocrx_word' id='word_1_27' title='bbox 1246 540 1554 616; x_wconf 88' lang='lat' dir='ltr'><strong>diligentia</strong></span> <span class='ocrx_word' id='word_1_28' title='bbox 1595 541 1658 598; x_wconf 90' lang='lat' dir='ltr'><strong>in</strong></span> <span class='ocrx_word' id='word_1_29' title='bbox 1692 540 2029 599; x_wconf 89' lang='lat' dir='ltr'><strong>laborando</strong></span> <span class='ocrx_word' id='word_1_30' title='bbox 2071 557 2270 616; x_wconf 84' lang='lat' dir='ltr'><strong>gene-</strong></span> 
     </span>
     <span class='ocr_line' id='line_1_6' title="bbox 266 629 2265 706; baseline -0.002 -17"><span class='ocrx_word' id='word_1_31' title='bbox 266 631 439 689; x_wconf 84' lang='lat' dir='ltr'><strong>ratim</strong></span> <span class='ocrx_word' id='word_1_32' title='bbox 482 649 605 690; x_wconf 92' lang='lat' dir='ltr'><strong>non</strong></span> <span class='ocrx_word' id='word_1_33' title='bbox 647 631 899 702; x_wconf 84' lang='lat' dir='ltr'><strong>adesset,</strong></span> <span class='ocrx_word' id='word_1_34' title='bbox 955 630 1069 689; x_wconf 89' lang='lat' dir='ltr'><strong>nisi</strong></span> <span class='ocrx_word' id='word_1_35' title='bbox 1112 630 1396 688; x_wconf 91' lang='lat' dir='ltr'><strong>darentur</strong></span> <span class='ocrx_word' id='word_1_36' title='bbox 1450 629 1679 706; x_wconf 87' lang='lat' dir='ltr'><strong>privata</strong></span> <span class='ocrx_word' id='word_1_37' title='bbox 1721 648 1921 689; x_wconf 92' lang='lat' dir='ltr'><strong>rerum</strong></span> <span class='ocrx_word' id='word_1_38' title='bbox 1961 630 2265 688; x_wconf 87' lang='lat' dir='ltr'><strong>dominia.</strong></span> 
     </span>
    </p>

    <p class='ocr_par' dir='ltr' id='par_1_5' title="bbox 266 719 2268 1152">
     <span class='ocr_line' id='line_1_7' title="bbox 396 719 2268 796; baseline -0.001 -18"><span class='ocrx_word' id='word_1_39' title='bbox 396 721 592 796; x_wconf 73' lang='lat' dir='ltr'><strong>«Ergo</strong></span> <span class='ocrx_word' id='word_1_40' title='bbox 619 721 772 779; x_wconf 88' lang='lat' dir='ltr'><strong>haec</strong></span> <span class='ocrx_word' id='word_1_41' title='bbox 801 720 1131 796; x_wconf 87' lang='lat' dir='ltr'><strong>generatim</strong></span> <span class='ocrx_word' id='word_1_42' title='bbox 1160 730 1297 778; x_wconf 88' lang='lat' dir='ltr'><strong>sunt</strong></span> <span class='ocrx_word' id='word_1_43' title='bbox 1321 719 1675 779; x_wconf 89' lang='lat' dir='ltr'><strong>necessaria.</strong></span> <span class='ocrx_word' id='word_1_44' title='bbox 1743 719 2045 779; x_wconf 88' lang='lat' dir='ltr'><strong>Homines</strong></span> <span class='ocrx_word' id='word_1_45' title='bbox 2087 719 2268 778; x_wconf 87' lang='lat' dir='ltr'><strong>enim</strong></span> 
     </span>
     <span class='ocr_line' id='line_1_8' title="bbox 267 809 2262 885; baseline -0.001 -17"><span class='ocrx_word' id='word_1_46' title='bbox 267 811 599 884; x_wconf 88' lang='lat' dir='ltr'><strong>generatim</strong></span> <span class='ocrx_word' id='word_1_47' title='bbox 641 810 949 868; x_wconf 91' lang='lat' dir='ltr'><strong>diuturnos</strong></span> <span class='ocrx_word' id='word_1_48' title='bbox 991 819 1052 868; x_wconf 89' lang='lat' dir='ltr'><strong>et</strong></span> <span class='ocrx_word' id='word_1_49' title='bbox 1093 827 1384 868; x_wconf 92' lang='lat' dir='ltr'><strong>onerosos</strong></span> <span class='ocrx_word' id='word_1_50' title='bbox 1438 809 1676 868; x_wconf 88' lang='lat' dir='ltr'><strong>labores</strong></span> <span class='ocrx_word' id='word_1_51' title='bbox 1733 828 1859 867; x_wconf 91' lang='lat' dir='ltr'><strong>non</strong></span> <span class='ocrx_word' id='word_1_52' title='bbox 1901 809 2262 885; x_wconf 89' lang='lat' dir='ltr'><strong>suscipiunt,</strong></span> 
     </span>
     <span class='ocr_line' id='line_1_9' title="bbox 270 899 2265 975; baseline 0 -19"><span class='ocrx_word' id='word_1_53' title='bbox 270 900 381 957; x_wconf 89' lang='lat' dir='ltr'><strong>nisi</strong></span> <span class='ocrx_word' id='word_1_54' title='bbox 424 911 588 958; x_wconf 90' lang='lat' dir='ltr'><strong>certa</strong></span> <span class='ocrx_word' id='word_1_55' title='bbox 629 916 735 975; x_wconf 91' lang='lat' dir='ltr'><strong>spe</strong></span> <span class='ocrx_word' id='word_1_56' title='bbox 778 900 912 957; x_wconf 91' lang='lat' dir='ltr'><strong>freti</strong></span> <span class='ocrx_word' id='word_1_57' title='bbox 954 916 1019 957; x_wconf 90' lang='lat' dir='ltr'><strong>se</strong></span> <span class='ocrx_word' id='word_1_58' title='bbox 1048 916 1227 974; x_wconf 91' lang='lat' dir='ltr'><strong>posse</strong></span> <span class='ocrx_word' id='word_1_59' title='bbox 1268 909 1458 956; x_wconf 90' lang='lat' dir='ltr'><strong>totum</strong></span> <span class='ocrx_word' id='word_1_60' title='bbox 1488 899 1742 956; x_wconf 90' lang='lat' dir='ltr'><strong>fructum</strong></span> <span class='ocrx_word' id='word_1_61' title='bbox 1772 899 2048 956; x_wconf 91' lang='lat' dir='ltr'><strong>laborum</strong></span> <span class='ocrx_word' id='word_1_62' title='bbox 2089 901 2265 957; x_wconf 88' lang='lat' dir='ltr'><strong>solos</strong></span> 
     </span>
     <span class='ocr_line' id='line_1_10' title="bbox 266 987 2264 1065; baseline -0.001 -18"><span class='ocrx_word' id='word_1_63' title='bbox 266 989 599 1065; x_wconf 88' lang='lat' dir='ltr'><strong>percipere.</strong></span> <span class='ocrx_word' id='word_1_64' title='bbox 682 989 857 1047; x_wconf 91' lang='lat' dir='ltr'><strong>Haec</strong></span> <span class='ocrx_word' id='word_1_65' title='bbox 900 999 1099 1046; x_wconf 89' lang='lat' dir='ltr'><strong>autem</strong></span> <span class='ocrx_word' id='word_1_66' title='bbox 1139 987 1436 1046; x_wconf 88' lang='lat' dir='ltr'><strong>certitudo</strong></span> <span class='ocrx_word' id='word_1_67' title='bbox 1476 1006 1603 1046; x_wconf 90' lang='lat' dir='ltr'><strong>non</strong></span> <span class='ocrx_word' id='word_1_68' title='bbox 1646 989 1985 1057; x_wconf 86' lang='lat' dir='ltr'><strong>haberetur,</strong></span> <span class='ocrx_word' id='word_1_69' title='bbox 2030 987 2082 1046; x_wconf 91' lang='lat' dir='ltr'><strong>si</strong></span> <span class='ocrx_word' id='word_1_70' title='bbox 2121 1007 2264 1046; x_wconf 90' lang='lat' dir='ltr'><strong>non</strong></span> 
     </span>
     <span class='ocr_line' id='line_1_11' title="bbox 269 1077 2123 1152; baseline 0.001 -18"><span class='ocrx_word' id='word_1_71' title='bbox 269 1077 475 1136; x_wconf 91' lang='lat' dir='ltr'><strong>liceret</strong></span> <span class='ocrx_word' id='word_1_72' title='bbox 517 1077 804 1136; x_wconf 89' lang='lat' dir='ltr'><strong>stabiliter</strong></span> <span class='ocrx_word' id='word_1_73' title='bbox 846 1087 906 1135; x_wconf 90' lang='lat' dir='ltr'><strong>et</strong></span> <span class='ocrx_word' id='word_1_74' title='bbox 947 1077 1248 1136; x_wconf 85' lang='lat' dir='ltr'><strong>exclusivo</strong></span> <span class='ocrx_word' id='word_1_75' title='bbox 1291 1077 1418 1135; x_wconf 89' lang='lat' dir='ltr'><strong>iure</strong></span> <span class='ocrx_word' id='word_1_76' title='bbox 1460 1078 1706 1152; x_wconf 89' lang='lat' dir='ltr'><strong>propria</strong></span> <span class='ocrx_word' id='word_1_77' title='bbox 1747 1077 2123 1152; x_wconf 76' lang='lat' dir='ltr'><strong>acquirere.»</strong></span> 
     </span>
    </p>
   </div>
   <div class='ocr_carea' id='block_1_4' title="bbox 376 1261 2134 1396">
    <p class='ocr_par' dir='ltr' id='par_1_6' title="bbox 376 1261 2134 1396">
     <span class='ocr_line' id='line_1_12' title="bbox 376 1261 2134 1329; baseline 0 -16"><span class='ocrx_word' id='word_1_78' title='bbox 376 1261 411 1329; x_wconf 64' lang='grc' dir='ltr'>ξ</span> <span class='ocrx_word' id='word_1_79' title='bbox 450 1277 497 1313; x_wconf 91' lang='lat'><strong>2.</strong></span> <span class='ocrx_word' id='word_1_80' title='bbox 557 1267 643 1313; x_wconf 92' lang='lat' dir='ltr'><strong>De</strong></span> <span class='ocrx_word' id='word_1_81' title='bbox 681 1266 830 1314; x_wconf 86' lang='lat' dir='ltr'><strong>facto</strong></span> <span class='ocrx_word' id='word_1_82' title='bbox 868 1265 1205 1329; x_wconf 82' lang='lat' dir='ltr'><strong>primigenio</strong></span> <span class='ocrx_word' id='word_1_83' title='bbox 1245 1265 1335 1314; x_wconf 81' lang='lat' dir='ltr'><strong>ius</strong></span> <span class='ocrx_word' id='word_1_84' title='bbox 1371 1266 1727 1329; x_wconf 78' lang='lat' dir='ltr'><strong>proprietatis</strong></span> <span class='ocrx_word' id='word_1_85' title='bbox 1766 1265 1826 1314; x_wconf 83' lang='lat' dir='ltr'><strong>in</strong></span> <span class='ocrx_word' id='word_1_86' title='bbox 1865 1271 2134 1314; x_wconf 80' lang='lat' dir='ltr'><strong>concreto</strong></span> 
     </span>
     <span class='ocr_line' id='line_1_13' title="bbox 746 1346 1467 1396; baseline 0.003 -2"><span class='ocrx_word' id='word_1_87' title='bbox 746 1347 752 1352; x_wconf 85' lang='lat'>&#39;</span> <span class='ocrx_word' id='word_1_88' title='bbox 1041 1346 1467 1396; x_wconf 77' lang='lat' dir='ltr'><strong>determinante.</strong></span> 
     </span>
    </p>
   </div>
   <div class='ocr_carea' id='block_1_5' title="bbox 270 1469 2265 1633">
    <p class='ocr_par' dir='ltr' id='par_1_7' title="bbox 270 1469 2265 1633">
     <span class='ocr_line' id='line_1_14' title="bbox 388 1469 2265 1545; baseline -0.001 -19"><span class='ocrx_word' id='word_1_89' title='bbox 388 1478 609 1526; x_wconf 83' lang='lat' dir='ltr'><strong>Thesis.</strong></span> <span class='ocrx_word' id='word_1_90' title='bbox 666 1469 907 1525; x_wconf 84' lang='lat' dir='ltr'><strong>Factum</strong></span> <span class='ocrx_word' id='word_1_91' title='bbox 936 1471 1344 1544; x_wconf 72' lang='lat' dir='ltr'><strong>primigenium</strong></span> <span class='ocrx_word' id='word_1_92' title='bbox 1384 1471 1474 1527; x_wconf 87' lang='lat' dir='ltr'><strong>ius</strong></span> <span class='ocrx_word' id='word_1_93' title='bbox 1501 1469 1879 1545; x_wconf 83' lang='lat' dir='ltr'><strong>proprietatis</strong></span> <span class='ocrx_word' id='word_1_94' title='bbox 1912 1469 1978 1525; x_wconf 83' lang='lat' dir='ltr'><strong>in</strong></span> <span class='ocrx_word' id='word_1_95' title='bbox 2005 1474 2265 1526; x_wconf 80' lang='lat' dir='ltr'><strong>concreto</strong></span> 
     </span>
     <span class='ocr_line' id='line_1_15' title="bbox 270 1558 1105 1633; baseline 0.002 -19"><span class='ocrx_word' id='word_1_96' title='bbox 270 1558 651 1615; x_wconf 82' lang='lat' dir='ltr'><strong>determinans</strong></span> <span class='ocrx_word' id='word_1_97' title='bbox 691 1564 775 1615; x_wconf 84' lang='lat' dir='ltr'><strong>est</strong></span> <span class='ocrx_word' id='word_1_98' title='bbox 812 1561 1105 1633; x_wconf 76' lang='lat' dir='ltr'><strong>occupatiO.</strong></span> 
     </span>
    </p>
   </div>
   <div class='ocr_carea' id='block_1_6' title="bbox 266 1675 2261 2286">
    <p class='ocr_par' dir='ltr' id='par_1_8' title="bbox 268 1675 2260 1931">
     <span class='ocr_line' id='line_1_16' title="bbox 390 1675 2254 1752; baseline 0.001 -19"><span class='ocrx_word' id='word_1_99' title='bbox 390 1687 691 1734; x_wconf 84' lang='lat' dir='ltr'><strong>Probatur:</strong></span> <span class='ocrx_word' id='word_1_100' title='bbox 712 1676 865 1734; x_wconf 91' lang='lat' dir='ltr'><strong>Cum</strong></span> <span class='ocrx_word' id='word_1_101' title='bbox 884 1677 1206 1752; x_wconf 90' lang='lat' dir='ltr'><strong>unicuique</strong></span> <span class='ocrx_word' id='word_1_102' title='bbox 1227 1676 1455 1734; x_wconf 92' lang='lat' dir='ltr'><strong>homini</strong></span> <span class='ocrx_word' id='word_1_103' title='bbox 1476 1675 1564 1734; x_wconf 89' lang='lat' dir='ltr'><strong>ius</strong></span> <span class='ocrx_word' id='word_1_104' title='bbox 1583 1675 1656 1735; x_wconf 90' lang='lat' dir='ltr'><strong>sit</strong></span> <span class='ocrx_word' id='word_1_105' title='bbox 1680 1695 1750 1734; x_wconf 73' lang='lat' dir='ltr'><strong>«a</strong></span> <span class='ocrx_word' id='word_1_106' title='bbox 1769 1686 1984 1734; x_wconf 90' lang='lat' dir='ltr'><strong>natura</strong></span> <span class='ocrx_word' id='word_1_107' title='bbox 2002 1675 2254 1734; x_wconf 76' lang='lat' dir='ltr'><strong>datum»</strong></span> 
     </span>
     <span class='ocr_line' id='line_1_17' title="bbox 268 1765 2260 1842; baseline -0.001 -18"><span class='ocrx_word' id='word_1_108' title='bbox 268 1766 574 1842; x_wconf 89' lang='lat' dir='ltr'><strong>possidere</strong></span> <span class='ocrx_word' id='word_1_109' title='bbox 604 1784 698 1824; x_wconf 91' lang='lat' dir='ltr'><strong>res</strong></span> <span class='ocrx_word' id='word_1_110' title='bbox 726 1765 1003 1842; x_wconf 88' lang='lat' dir='ltr'><strong>privatim</strong></span> <span class='ocrx_word' id='word_1_111' title='bbox 1032 1776 1093 1823; x_wconf 93' lang='lat' dir='ltr'><strong>ut</strong></span> <span class='ocrx_word' id='word_1_112' title='bbox 1121 1784 1271 1838; x_wconf 87' lang='lat' dir='ltr'><strong>suas,</strong></span> <span class='ocrx_word' id='word_1_113' title='bbox 1317 1766 1656 1824; x_wconf 89' lang='lat' dir='ltr'><strong>necessario</strong></span> <span class='ocrx_word' id='word_1_114' title='bbox 1687 1767 1865 1824; x_wconf 90' lang='lat' dir='ltr'><strong>etiam</strong></span> <span class='ocrx_word' id='word_1_115' title='bbox 1895 1765 2030 1823; x_wconf 89' lang='lat' dir='ltr'><strong>dari</strong></span> <span class='ocrx_word' id='word_1_116' title='bbox 2066 1765 2260 1824; x_wconf 92' lang='lat' dir='ltr'><strong>debet</strong></span> 
     </span>
     <span class='ocr_line' id='line_1_18' title="bbox 268 1854 2171 1931; baseline 0 -19"><span class='ocrx_word' id='word_1_117' title='bbox 268 1857 488 1913; x_wconf 86' lang='lat' dir='ltr'><strong>factum</strong></span> <span class='ocrx_word' id='word_1_118' title='bbox 530 1855 795 1931; x_wconf 84' lang='lat' dir='ltr'><strong>aliquod,</strong></span> <span class='ocrx_word' id='word_1_119' title='bbox 841 1873 961 1931; x_wconf 90' lang='lat' dir='ltr'><strong>quo</strong></span> <span class='ocrx_word' id='word_1_120' title='bbox 1003 1856 1121 1914; x_wconf 93' lang='lat' dir='ltr'><strong>hoc</strong></span> <span class='ocrx_word' id='word_1_121' title='bbox 1162 1855 1252 1913; x_wconf 88' lang='lat' dir='ltr'><strong>ius</strong></span> <span class='ocrx_word' id='word_1_122' title='bbox 1293 1855 1354 1913; x_wconf 89' lang='lat' dir='ltr'><strong>in</strong></span> <span class='ocrx_word' id='word_1_123' title='bbox 1389 1865 1683 1919; x_wconf 90' lang='lat' dir='ltr'><strong>concreto</strong></span> <span class='ocrx_word' id='word_1_124' title='bbox 1718 1854 2171 1913; x_wconf 89' lang='lat' dir='ltr'><strong>determinetur.</strong></span> 
     </span>
    </p>

    <p class='ocr_par' dir='ltr' id='par_1_9' title="bbox 266 1944 2261 2286">
     <span class='ocr_line' id='line_1_19' title="bbox 388 1944 2259 2020; baseline -0.001 -18"><span class='ocrx_word' id='word_1_125' title='bbox 388 1948 515 2003; x_wconf 88' lang='lat' dir='ltr'><strong>Iam</strong></span> <span class='ocrx_word' id='word_1_126' title='bbox 555 1963 698 2003; x_wconf 91' lang='lat' dir='ltr'><strong>vero</strong></span> <span class='ocrx_word' id='word_1_127' title='bbox 742 1946 944 2003; x_wconf 87' lang='lat' dir='ltr'><strong>omnia</strong></span> <span class='ocrx_word' id='word_1_128' title='bbox 986 1963 1141 2020; x_wconf 91' lang='lat' dir='ltr'><strong>quae</strong></span> <span class='ocrx_word' id='word_1_129' title='bbox 1184 1945 1264 2003; x_wconf 87' lang='lat' dir='ltr'><strong>ad</strong></span> <span class='ocrx_word' id='word_1_130' title='bbox 1302 1945 1822 2005; x_wconf 89' lang='lat' dir='ltr'><strong>determinandum</strong></span> <span class='ocrx_word' id='word_1_131' title='bbox 1864 1945 1952 2003; x_wconf 89' lang='lat' dir='ltr'><strong>ius</strong></span> <span class='ocrx_word' id='word_1_132' title='bbox 1983 1944 2259 2020; x_wconf 90' lang='lat' dir='ltr'><strong>proprie-</strong></span> 
     </span>
     <span class='ocr_line' id='line_1_20' title="bbox 266 2034 2259 2110; baseline 0 -19"><span class='ocrx_word' id='word_1_133' title='bbox 266 2034 399 2092; x_wconf 91' lang='lat' dir='ltr'><strong>tatis</strong></span> <span class='ocrx_word' id='word_1_134' title='bbox 456 2034 777 2107; x_wconf 86' lang='lat' dir='ltr'><strong>excogitari</strong></span> <span class='ocrx_word' id='word_1_135' title='bbox 832 2046 1079 2110; x_wconf 89' lang='lat' dir='ltr'><strong>possunt</strong></span> <span class='ocrx_word' id='word_1_136' title='bbox 1134 2035 1323 2106; x_wconf 88' lang='lat' dir='ltr'><strong>facta,</strong></span> <span class='ocrx_word' id='word_1_137' title='bbox 1385 2045 1521 2093; x_wconf 89' lang='lat' dir='ltr'><strong>sunt</strong></span> <span class='ocrx_word' id='word_1_138' title='bbox 1561 2035 1655 2092; x_wconf 90' lang='lat' dir='ltr'><strong>vel</strong></span> <span class='ocrx_word' id='word_1_139' title='bbox 1697 2043 1939 2110; x_wconf 88' lang='lat' dir='ltr'><strong>pactum</strong></span> <span class='ocrx_word' id='word_1_140' title='bbox 1981 2034 2259 2109; x_wconf 89' lang='lat' dir='ltr'><strong>aliquod,</strong></span> 
     </span>
     <span class='ocr_line' id='line_1_21' title="bbox 267 2122 2261 2199; baseline -0.002 -18"><span class='ocrx_word' id='word_1_141' title='bbox 267 2124 362 2181; x_wconf 92' lang='lat' dir='ltr'><strong>vel</strong></span> <span class='ocrx_word' id='word_1_142' title='bbox 405 2123 574 2180; x_wconf 89' lang='lat' dir='ltr'><strong>labor</strong></span> <span class='ocrx_word' id='word_1_143' title='bbox 627 2122 932 2198; x_wconf 89' lang='lat' dir='ltr'><strong>impensus</strong></span> <span class='ocrx_word' id='word_1_144' title='bbox 988 2124 1083 2181; x_wconf 92' lang='lat' dir='ltr'><strong>vel</strong></span> <span class='ocrx_word' id='word_1_145' title='bbox 1139 2123 1448 2182; x_wconf 88' lang='lat' dir='ltr'><strong>decretum</strong></span> <span class='ocrx_word' id='word_1_146' title='bbox 1504 2123 1749 2182; x_wconf 86' lang='lat' dir='ltr'><strong>alicuius</strong></span> <span class='ocrx_word' id='word_1_147' title='bbox 1804 2122 2099 2199; x_wconf 90' lang='lat' dir='ltr'><strong>principis</strong></span> <span class='ocrx_word' id='word_1_148' title='bbox 2161 2122 2261 2181; x_wconf 89' lang='lat' dir='ltr'><strong>vel</strong></span> 
     </span>
     <span class='ocr_line' id='line_1_22' title="bbox 270 2211 605 2286; baseline 0 -16"><span class='ocrx_word' id='word_1_149' title='bbox 270 2211 605 2286; x_wconf 79' lang='lat' dir='ltr'><strong>occupatio,</strong></span> 
     </span>
    </p>
   </div>
   <div class='ocr_carea' id='block_1_7' title="bbox 390 2299 2359 2383">
    <p class='ocr_par' dir='ltr' id='par_1_10' title="bbox 390 2299 2359 2383">
     <span class='ocr_line' id='line_1_23' title="bbox 390 2299 2359 2383; baseline 0.001 -26"><span class='ocrx_word' id='word_1_150' title='bbox 390 2301 509 2358; x_wconf 88' lang='lat' dir='ltr'><strong>Sed</strong></span> <span class='ocrx_word' id='word_1_151' title='bbox 550 2299 661 2358; x_wconf 90' lang='lat' dir='ltr'><strong>tria</strong></span> <span class='ocrx_word' id='word_1_152' title='bbox 700 2302 903 2376; x_wconf 90' lang='lat' dir='ltr'><strong>priora</strong></span> <span class='ocrx_word' id='word_1_153' title='bbox 946 2311 1006 2359; x_wconf 89' lang='lat' dir='ltr'><strong>ut</strong></span> <span class='ocrx_word' id='word_1_154' title='bbox 1048 2302 1208 2361; x_wconf 89' lang='lat' dir='ltr'><strong>facta</strong></span> <span class='ocrx_word' id='word_1_155' title='bbox 1249 2300 1609 2378; x_wconf 88' lang='lat' dir='ltr'><strong>primigenia</strong></span> <span class='ocrx_word' id='word_1_156' title='bbox 1662 2300 2100 2360; x_wconf 84' lang='lat' dir='ltr'><strong>rationabiliter</strong></span> <span class='ocrx_word' id='word_1_157' title='bbox 2160 2301 2261 2359; x_wconf 89' lang='lat' dir='ltr'><strong>ad·</strong></span> <span class='ocrx_word' id='word_1_158' title='bbox 2357 2342 2359 2383; x_wconf 35' lang='lat' dir='ltr'>j</span> 
     </span>
    </p>
   </div>
   <div class='ocr_carea' id='block_1_8' title="bbox 268 2388 2255 2565">
    <p class='ocr_par' dir='ltr' id='par_1_11' title="bbox 268 2388 2255 2565">
     <span class='ocr_line' id='line_1_24' title="bbox 268 2388 2255 2468; baseline 0.001 -23"><span class='ocrx_word' id='word_1_159' title='bbox 268 2388 416 2446; x_wconf 89' lang='lat' dir='ltr'><strong>mitti</strong></span> <span class='ocrx_word' id='word_1_160' title='bbox 458 2409 582 2447; x_wconf 90' lang='lat' dir='ltr'><strong>non</strong></span> <span class='ocrx_word' id='word_1_161' title='bbox 624 2401 886 2464; x_wconf 90' lang='lat' dir='ltr'><strong>possunt,</strong></span> <span class='ocrx_word' id='word_1_162' title='bbox 933 2392 1248 2467; x_wconf 89' lang='lat' dir='ltr'><strong>occupatio</strong></span> <span class='ocrx_word' id='word_1_163' title='bbox 1289 2410 1435 2451; x_wconf 89' lang='lat' dir='ltr'><strong>vero</strong></span> <span class='ocrx_word' id='word_1_164' title='bbox 1480 2391 1782 2468; x_wconf 90' lang='lat' dir='ltr'><strong>aptissima</strong></span> <span class='ocrx_word' id='word_1_165' title='bbox 1810 2401 1913 2450; x_wconf 89' lang='lat' dir='ltr'><strong>est.</strong></span> <span class='ocrx_word' id='word_1_166' title='bbox 1971 2391 2255 2449; x_wconf 89' lang='lat' dir='ltr'><strong>Etenim:</strong></span> 
     </span>
     <span class='ocr_line' id='line_1_25' title="bbox 398 2489 1871 2565; baseline 0.002 -21"><span class='ocrx_word' id='word_1_167' title='bbox 398 2508 444 2544; x_wconf 92' lang='lat'><strong>1.</strong></span> <span class='ocrx_word' id='word_1_168' title='bbox 489 2490 629 2545; x_wconf 91' lang='lat' dir='ltr'><strong>Hoc</strong></span> <span class='ocrx_word' id='word_1_169' title='bbox 672 2489 893 2546; x_wconf 88' lang='lat' dir='ltr'><strong>facturn</strong></span> <span class='ocrx_word' id='word_1_170' title='bbox 934 2489 1355 2565; x_wconf 89' lang='lat' dir='ltr'><strong>primigenium</strong></span> <span class='ocrx_word' id='word_1_171' title='bbox 1397 2490 1576 2549; x_wconf 88' lang='lat' dir='ltr'><strong>fuisse</strong></span> <span class='ocrx_word' id='word_1_172' title='bbox 1605 2496 1871 2565; x_wconf 84' lang='lat' dir='ltr'><strong>pactum:</strong></span> 
     </span>
    </p>
   </div>
   <div class='ocr_carea' id='block_1_9' title="bbox 272 2580 2357 3105">
    <p class='ocr_par' dir='ltr' id='par_1_12' title="bbox 272 2580 2357 3105">
     <span class='ocr_line' id='line_1_26' title="bbox 390 2580 2259 2662; baseline 0 -20"><span class='ocrx_word' id='word_1_173' title='bbox 390 2580 445 2659; x_wconf 87' lang='lat' dir='ltr'><strong>a)</strong></span> <span class='ocrx_word' id='word_1_174' title='bbox 512 2585 716 2643; x_wconf 83' lang='lat' dir='ltr'><strong>Gratis</strong></span> <span class='ocrx_word' id='word_1_175' title='bbox 756 2589 1046 2644; x_wconf 83' lang='lat' dir='ltr'><strong>asseritur.</strong></span> <span class='ocrx_word' id='word_1_176' title='bbox 1108 2588 1356 2646; x_wconf 88' lang='lat' dir='ltr'><strong>Constat</strong></span> <span class='ocrx_word' id='word_1_177' title='bbox 1399 2587 1644 2662; x_wconf 90' lang='lat' dir='ltr'><strong>quidem</strong></span> <span class='ocrx_word' id='word_1_178' title='bbox 1685 2585 1933 2644; x_wconf 90' lang='lat' dir='ltr'><strong>historia</strong></span> <span class='ocrx_word' id='word_1_179' title='bbox 1950 2631 1963 2656; x_wconf 99' lang='lat'><strong>,</strong></span> <span class='ocrx_word' id='word_1_180' title='bbox 2013 2585 2259 2643; x_wconf 89' lang='lat' dir='ltr'><strong>familiis</strong></span> 
     </span>
     <span class='ocr_line' id='line_1_27' title="bbox 272 2674 2261 2751; baseline 0.002 -22"><span class='ocrx_word' id='word_1_181' title='bbox 272 2674 390 2730; x_wconf 88' lang='lat' dir='ltr'><strong>iam</strong></span> <span class='ocrx_word' id='word_1_182' title='bbox 435 2674 779 2747; x_wconf 85' lang='lat' dir='ltr'><strong>constitutiS,</strong></span> <span class='ocrx_word' id='word_1_183' title='bbox 824 2676 987 2733; x_wconf 92' lang='lat' dir='ltr'><strong>bona</strong></span> <span class='ocrx_word' id='word_1_184' title='bbox 1029 2676 1396 2735; x_wconf 89' lang='lat' dir='ltr'><strong>diversarum</strong></span> <span class='ocrx_word' id='word_1_185' title='bbox 1437 2676 1696 2734; x_wconf 89' lang='lat' dir='ltr'><strong>tribuum</strong></span> <span class='ocrx_word' id='word_1_186' title='bbox 1737 2674 1926 2751; x_wconf 89' lang='lat' dir='ltr'><strong>pactis</strong></span> <span class='ocrx_word' id='word_1_187' title='bbox 1958 2692 2261 2733; x_wconf 89' lang='lat' dir='ltr'><strong>nonnum-</strong></span> 
     </span>
     <span class='ocr_line' id='line_1_28' title="bbox 273 2762 2256 2839; baseline 0.001 -20"><span class='ocrx_word' id='word_1_188' title='bbox 273 2781 451 2837; x_wconf 89' lang='lat' dir='ltr'><strong>quam</strong></span> <span class='ocrx_word' id='word_1_189' title='bbox 495 2763 802 2823; x_wconf 90' lang='lat' dir='ltr'><strong>distributa</strong></span> <span class='ocrx_word' id='word_1_190' title='bbox 845 2783 992 2823; x_wconf 88' lang='lat' dir='ltr'><strong>esse.</strong></span> <span class='ocrx_word' id='word_1_191' title='bbox 1075 2765 1196 2824; x_wconf 89' lang='lat' dir='ltr'><strong>Sed</strong></span> <span class='ocrx_word' id='word_1_192' title='bbox 1237 2766 1389 2825; x_wconf 90' lang='lat' dir='ltr'><strong>haec</strong></span> <span class='ocrx_word' id='word_1_193' title='bbox 1431 2763 1763 2833; x_wconf 80' lang='lat' dir='ltr'><strong>distributio</strong></span> <span class='ocrx_word' id='word_1_194' title='bbox 1806 2762 2093 2839; x_wconf 89' lang='lat' dir='ltr'><strong>supponit</strong></span> <span class='ocrx_word' id='word_1_195' title='bbox 2137 2764 2256 2821; x_wconf 89' lang='lat' dir='ltr'><strong>iam</strong></span> 
     </span>
     <span class='ocr_line' id='line_1_29' title="bbox 272 2851 2357 2939; baseline 0 -32"><span class='ocrx_word' id='word_1_196' title='bbox 272 2851 331 2908; x_wconf 93' lang='lat' dir='ltr'><strong>in</strong></span> <span class='ocrx_word' id='word_1_197' title='bbox 376 2851 516 2926; x_wconf 90' lang='lat' dir='ltr'><strong>ipsis</strong></span> <span class='ocrx_word' id='word_1_198' title='bbox 558 2852 794 2912; x_wconf 88' lang='lat' dir='ltr'><strong>familiis</strong></span> <span class='ocrx_word' id='word_1_199' title='bbox 835 2854 1264 2929; x_wconf 89' lang='lat' dir='ltr'><strong>proprietatem</strong></span> <span class='ocrx_word' id='word_1_200' title='bbox 1320 2855 1477 2914; x_wconf 90' lang='lat' dir='ltr'><strong>facto</strong></span> <span class='ocrx_word' id='word_1_201' title='bbox 1534 2855 1800 2930; x_wconf 90' lang='lat' dir='ltr'><strong>quodam</strong></span> <span class='ocrx_word' id='word_1_202' title='bbox 1859 2852 2260 2928; x_wconf 90' lang='lat' dir='ltr'><strong>praecedenti</strong></span> <span class='ocrx_word' id='word_1_203' title='bbox 2356 2876 2357 2939; x_wconf 30' lang='grc' dir='ltr'>ᾗ</span> 
     </span>
     <span class='ocr_line' id='line_1_30' title="bbox 273 2940 2257 3020; baseline 0.001 -22"><span class='ocrx_word' id='word_1_204' title='bbox 273 2940 747 3000; x_wconf 87' lang='lat' dir='ltr'><strong>determinatam.</strong></span> <span class='ocrx_word' id='word_1_205' title='bbox 833 2944 1078 3001; x_wconf 87' lang='lat' dir='ltr'><strong>Factum</strong></span> <span class='ocrx_word' id='word_1_206' title='bbox 1148 2954 1348 3003; x_wconf 89' lang='lat' dir='ltr'><strong>autem</strong></span> <span class='ocrx_word' id='word_1_207' title='bbox 1417 2944 1561 3003; x_wconf 87' lang='lat' dir='ltr'><strong>illud</strong></span> <span class='ocrx_word' id='word_1_208' title='bbox 1631 2941 2000 3020; x_wconf 89' lang='lat' dir='ltr'><strong>praecedens</strong></span> <span class='ocrx_word' id='word_1_209' title='bbox 2074 2942 2257 3001; x_wconf 86' lang='lat' dir='ltr'><strong>fuisse</strong></span> 
     </span>
     <span class='ocr_line' id='line_1_31' title="bbox 273 3032 1514 3105; baseline 0.005 -19"><span class='ocrx_word' id='word_1_210' title='bbox 273 3040 514 3105; x_wconf 88' lang='lat' dir='ltr'><strong>pactum</strong></span> <span class='ocrx_word' id='word_1_211' title='bbox 554 3032 719 3089; x_wconf 89' lang='lat' dir='ltr'><strong>nullo</strong></span> <span class='ocrx_word' id='word_1_212' title='bbox 763 3032 946 3090; x_wconf 89' lang='lat' dir='ltr'><strong>modo</strong></span> <span class='ocrx_word' id='word_1_213' title='bbox 989 3041 1238 3092; x_wconf 91' lang='lat' dir='ltr'><strong>constat.</strong></span> <span class='ocrx_word' id='word_1_214' title='bbox 1323 3035 1514 3092; x_wconf 89' lang='lat' dir='ltr'><strong>Immo</strong></span> 
     </span>
    </p>
   </div>
   <div class='ocr_carea' id='block_1_10' title="bbox 274 3122 2259 3296">
    <p class='ocr_par' dir='ltr' id='par_1_13' title="bbox 274 3122 2259 3296">
     <span class='ocr_line' id='line_1_32' title="bbox 393 3122 2259 3206; baseline 0 -21"><span class='ocrx_word' id='word_1_215' title='bbox 393 3122 455 3202; x_wconf 94' lang='lat' dir='ltr'><strong>b)</strong></span> <span class='ocrx_word' id='word_1_216' title='bbox 498 3130 864 3205; x_wconf 53' lang='lat' dir='ltr'><strong>aniossibilis</strong></span> <span class='ocrx_word' id='word_1_217' title='bbox 906 3141 992 3188; x_wconf 91' lang='lat' dir='ltr'><strong>est</strong></span> <span class='ocrx_word' id='word_1_218' title='bbox 1032 3131 1163 3188; x_wconf 89' lang='lat' dir='ltr'><strong>talis</strong></span> <span class='ocrx_word' id='word_1_219' title='bbox 1208 3131 1413 3206; x_wconf 91' lang='lat' dir='ltr'><strong>opinio</strong></span> <span class='ocrx_word' id='word_1_220' title='bbox 1431 3178 1444 3202; x_wconf 94' lang='lat'><strong>,</strong></span> <span class='ocrx_word' id='word_1_221' title='bbox 1503 3150 1638 3189; x_wconf 89' lang='lat' dir='ltr'><strong>cum</strong></span> <span class='ocrx_word' id='word_1_222' title='bbox 1680 3128 1960 3189; x_wconf 88' lang='lat' dir='ltr'><strong>historice</strong></span> <span class='ocrx_word' id='word_1_223' title='bbox 2016 3137 2259 3187; x_wconf 88' lang='lat' dir='ltr'><strong>constet</strong></span> 
     </span>
     <span class='ocr_line' id='line_1_33' title="bbox 274 3218 2257 3296; baseline 0.002 -23"><span class='ocrx_word' id='word_1_224' title='bbox 274 3218 733 3291; x_wconf 89' lang='lat' dir='ltr'><strong>occupationem</strong></span> <span class='ocrx_word' id='word_1_225' title='bbox 777 3236 1015 3293; x_wconf 89' lang='lat' dir='ltr'><strong>semper</strong></span> <span class='ocrx_word' id='word_1_226' title='bbox 1057 3230 1115 3277; x_wconf 91' lang='lat' dir='ltr'><strong>et</strong></span> <span class='ocrx_word' id='word_1_227' title='bbox 1156 3220 1318 3294; x_wconf 90' lang='lat' dir='ltr'><strong>apud</strong></span> <span class='ocrx_word' id='word_1_228' title='bbox 1346 3239 1556 3279; x_wconf 89' lang='lat' dir='ltr'><strong>omnes</strong></span> <span class='ocrx_word' id='word_1_229' title='bbox 1585 3222 1840 3296; x_wconf 91' lang='lat' dir='ltr'><strong>populos</strong></span> <span class='ocrx_word' id='word_1_230' title='bbox 1869 3220 1964 3278; x_wconf 90' lang='lat' dir='ltr'><strong>vel</strong></span> <span class='ocrx_word' id='word_1_231' title='bbox 1989 3218 2257 3276; x_wconf 84' lang='lat' dir='ltr'><strong>maxime</strong></span> 
     </span>
    </p>
   </div>
   <div class='ocr_carea' id='block_1_11' title="bbox 274 3304 2254 3449">
    <p class='ocr_par' dir='ltr' id='par_1_14' title="bbox 274 3304 2254 3449">
     <span class='ocr_line' id='line_1_34' title="bbox 274 3304 2254 3384; baseline 0.004 -27"><span class='ocrx_word' id='word_1_232' title='bbox 274 3304 527 3360; x_wconf 90' lang='lat' dir='ltr'><strong>incultos</strong></span> <span class='ocrx_word' id='word_1_233' title='bbox 586 3316 650 3361; x_wconf 93' lang='lat' dir='ltr'><strong>ut</strong></span> <span class='ocrx_word' id='word_1_234' title='bbox 709 3307 1099 3364; x_wconf 89' lang='lat' dir='ltr'><strong>sufficientem</strong></span> <span class='ocrx_word' id='word_1_235' title='bbox 1160 3308 1390 3366; x_wconf 89' lang='lat' dir='ltr'><strong>titulum</strong></span> <span class='ocrx_word' id='word_1_236' title='bbox 1451 3307 1832 3384; x_wconf 88' lang='lat' dir='ltr'><strong>proprietatis</strong></span> <span class='ocrx_word' id='word_1_237' title='bbox 1891 3308 1978 3365; x_wconf 93' lang='lat' dir='ltr'><strong>rei</strong></span> <span class='ocrx_word' id='word_1_238' title='bbox 2033 3308 2254 3368; x_wconf 90' lang='lat' dir='ltr'><strong>nullius</strong></span> 
     </span>
     <span class='ocr_line' id='line_1_35' title="bbox 274 3388 773 3449; baseline 0.012 -6"><span class='ocrx_word' id='word_1_239' title='bbox 274 3388 536 3444; x_wconf 90' lang='lat' dir='ltr'><strong>habitam</strong></span> <span class='ocrx_word' id='word_1_240' title='bbox 582 3392 773 3449; x_wconf 90' lang='lat' dir='ltr'><strong>fuisse.</strong></span> 
     </span>
    </p>
   </div>
  </div>
 </body>
</html>
