2367 3850
301 234 408 285 230
930 237 1265 273 THEOLOGIA
1304 237 1641 275 NATURALIS.

297 382 514 441 dentia.
585 386 866 459 Insuper,
912 403 1050 443 curn
1094 385 1213 444 Dei
1256 385 1523 461 cognitio
1565 387 1638 445 sit
1679 386 1926 458 infinita,
1969 387 2253 446 admitten-

297 473 438 530 dum
481 483 570 531 est
611 491 746 532 eum
801 492 866 532 se
921 475 1114 550 ipsum
1170 485 1293 534 tam
1348 477 1613 551 perfecte
1668 494 2037 551 cognoscere
2088 495 2251 551 quam

297 571 386 620 est
425 563 879 636 cognoscibilis,
939 564 1020 622 ita
1062 575 1124 622 ut
1165 565 1433 640 cognitio
1476 565 1677 623 divina
1718 565 1793 623 sit
1845 565 2127 623 essentiae
2176 565 2253 621 di-

293 651 468 709 vinae
510 651 878 727 adaequata3
933 653 1061 712 aliis
1102 653 1332 712 verbis:
1391 656 1557 712 Deus
1597 673 1659 712 se
1718 653 1912 729 ipsum
1968 654 2253 729 cognoscit

297 741 812 816 comprehensive.

419 841 494 898 ΙΙ.
542 839 726 913 Quod
769 839 818 898 si
859 839 958 898 illa
986 838 1104 898 Dei
1133 840 1399 916 cognitio
1430 840 1856 911 consideratur,
1901 859 2027 898 non
2054 839 2161 898 iam
2188 859 2254 898 ex

297 937 465 1002 parte
505 929 688 1003 ipsius
715 929 834 988 Dei
877 929 1313 1005 cognoscentiS,
1358 929 1465 988 sed
1507 947 1580 988 ex
1622 939 1791 1004 parte
1834 947 2032 988 rerum
2072 931 2255 1004 cogni-

295 1026 509 1089 tarum,
555 1018 897 1095 philosophi
941 1029 1002 1077 et
1041 1013 1309 1093 theologi
1350 1019 1411 1075 in
1456 1019 1591 1076 Deo
1632 1019 2007 1090 distinguunt,
2048 1029 2105 1077 et
2140 1020 2253 1093 qui-

294 1104 434 1163 dem
463 1109 685 1164 ratione
713 1115 953 1177 tantum,
997 1109 1102 1166 sed
1120 1127 1242 1165 cum
1258 1108 1643 1182 fundamento
1672 1102 2071 1182 (imperfecto)
2097 1109 2153 1165 in
2179 1127 2253 1175 re,

294 1193 557 1253 diversas
599 1196 718 1254 Dei
759 1197 1037 1256 scientias
1080 1207 1140 1256 et
1183 1197 1420 1256 diversa
1460 1197 1661 1256 media
1702 1197 2124 1272 cognoscendi.
2190 1199 2253 1254 In

294 1283 752 1343 determinanda
781 1305 926 1345 vero
956 1296 1168 1344 natura
1196 1286 1409 1344 harum
1438 1285 1821 1344 scientiarum
1850 1296 1911 1344 et
1938 1285 2253 1344 mediorum

294 1372 527 1430 illorum
582 1392 706 1432 non
749 1385 883 1433 sunt
925 1376 1297 1449 concorde53
1356 1375 1571 1446 imm0,
1632 1375 1860 1450 duplici
1914 1375 2079 1450 quasi
2117 1375 2251 1433 acie

292 1460 605 1534 instructa,
688 1463 978 1523 acerrime
1047 1475 1347 1540 pugnant,
1418 1483 1492 1523 ex
1551 1482 1670 1522 una
1736 1474 1907 1539 parte
1967 1463 2250 1523 Bannezio

293 1549 448 1608 duce
491 1553 592 1625 qui
634 1551 910 1610 dicuntur
951 1553 1298 1625 thomistae,
1354 1571 1429 1612 ex
1470 1554 1655 1611 altera
1709 1571 1857 1612 vero
1912 1563 2108 1629 parte,
2162 1553 2251 1628 qui
2332 1599 2334 1610 ,

295 1639 660 1712 molinistae,
718 1643 798 1699 ab
851 1642 1114 1718 ipsorum
1156 1642 1485 1718 praecipuo
1528 1651 2007 1718 propugnatore,
2068 1643 2253 1718 appel-

295 1730 487 1787 lantur
515 1731 546 1788 ¹.
606 1731 778 1804 Quae
825 1730 1070 1806 quidem
1104 1732 1381 1791 doctrina
1418 1732 1496 1790 ad
1533 1741 1797 1789 mentem
1826 1731 2249 1791 informandam

293 1818 392 1877 hic
433 1820 695 1878 breviter
737 1831 826 1879 est
866 1821 1247 1880 declaranda.

415 1944 490 2003 A.
550 1955 874 2006 Declaratur
910 1956 1192 2005 sententia
1227 1957 1635 2007 themistarum..

411 2060 757 2121 Thomistae
799 2080 936 2119 cum
973 2062 1029 2120 S.
1063 2064 1329 2121 Doctore
1351 2063 1373 2096 ²
1413 2062 1714 2138 duplicem
1744 2062 1863 2119 Dei
1905 2058 2249 2134 distinguunt

287 2149 608 2207 scientiam:
664 2149 975 2209 scientiam
1020 2150 1263 2210 visionis
1304 2163 1363 2211 et
1404 2151 1713 2211 scientiam
1768 2149 2051 2226 simplicis
2105 2148 2249 2206 intel·
2330 2172 2332 2221 ς

291 2236 605 2310 legentiae.
2330 2234 2332 2243 ⁴

419 2353 465 2391 1.
526 2334 786 2393 Scientia
838 2339 1070 2396 visionis
1127 2356 1201 2397 ea
1256 2348 1375 2410 est,
1436 2357 1553 2414 qua
1596 2340 1761 2396 Deus
1818 2335 2129 2411 cognoscit
2167 2352 2249 2391 res

291 2439 500 2480 omnes
541 2424 819 2493 actualeS,
877 2425 912 2483 i.
959 2444 1010 2486 e.
1057 2446 1147 2498 ea,
1194 2446 1348 2501 quae
1390 2429 1485 2486 vel
1530 2428 1764 2486 fuerunt
1805 2436 1943 2483 actu
1988 2426 2078 2483 vel
2134 2431 2249 2481 sunt

291 2510 350 2567 in
393 2513 694 2587 praesenti
738 2516 832 2573 vel
877 2515 1104 2575 futurae
1148 2526 1283 2575 sunt
1306 2519 1343 2575 ⁸.

414 2628 464 2665 2.
512 2608 774 2668 Scientia
801 2628 947 2670 vero
975 2615 1243 2689 simplicis
1269 2614 1678 2687 intellegentiae
1704 2630 1777 2671 ea
1804 2622 1914 2684 est,
1958 2630 2077 2687 qua
2104 2612 2248 2667 Deus
2329 2670 2330 2673 Ἴ

291 2697 604 2770 cognoscit
629 2718 780 2757 mere
808 2704 1123 2777 possibilia,
1169 2721 1245 2761 ea
1271 2702 1513 2774 scilicet,
1561 2719 1715 2778 quae
1748 2711 1885 2760 sunt
1912 2701 1975 2759 in
2004 2698 2249 2776 potentia
2328 2692 2330 2715 ²

292 2784 424 2857 Dei,
470 2787 566 2845 vel
610 2798 935 2862 creaturae,
983 2809 1138 2866 quae
1178 2804 1383 2850 tamen
1424 2810 1541 2850 nec
1583 2801 1733 2861 sunt,
1776 2808 1893 2848 nec
1923 2799 2108 2858 erunt,
2148 2803 2247 2844 nec

292 2873 545 2934 fuerunt.

413 2965 633 3038 Quoad
675 2967 916 3025 medium
956 2988 1118 3042 ver0,
1164 2989 1286 3045 quo
1317 2973 1481 3029 Deus
1524 2988 1618 3029 res
1644 2969 1911 3029 diversas
1940 2963 2242 3044 cognoscit,

293 3051 375 3110 sic
418 3053 816 3130 distinguunt:

419 3249 432 3280 ¹
474 3252 550 3301 Cf.
593 3270 744 3318 supra
780 3273 829 3319 p.
873 3266 972 3319 215
1014 3274 1124 3322 sqq.

415 3327 436 3359 ²
475 3330 553 3379 Cf.
593 3334 646 3379 S.
692 3334 880 3394 Thone„
921 3336 972 3384 S.
1014 3338 1166 3387 theol.
1208 3340 1247 3399 1,
1288 3358 1336 3405 q.
1386 3352 1464 3401 14,
1505 3358 1551 3391 a.
1592 3352 1623 3401 9
1650 3356 1693 3389 c.

417 3405 437 3435 ⁸
476 3405 553 3455 Cf.
595 3408 717 3459 ibid.
757 3428 803 3461 a.
851 3425 910 3460 12
939 3430 982 3463 c.
