2367 3850
323 229 342 264 1
357 217 421 277 78
923 227 1253 265 THEOLOGIA
1294 226 1632 264 NATURALls.

317 374 714 434 exsistentiam
757 375 1000 434 alicuius
1039 375 1283 446 summi,
1341 394 1377 433 a
1420 375 1582 434 cuius
1624 373 2081 450 participatione
2122 391 2271 432 suum

312 465 564 540 gradum
605 463 914 522 limitatum
956 463 1343 540 perfectionis
1385 464 1626 522 habent.

432 553 551 611 Est
587 559 773 610 autem
819 553 972 611 illud
1017 571 1114 612 ens
1167 572 1442 612 summum
1498 571 1612 611 non
1652 553 1831 610 solum
1874 553 2138 621 relative,
2190 553 2279 608 sed

311 641 559 701 absolute
603 642 1095 718 perfecttksimum.
1198 643 1259 701 Si
1319 642 1481 701 enim
1541 653 1698 700 esset
1758 652 1985 700 tantum
2044 641 2270 701 relative

313 730 802 807 perfectissimum
818 777 832 803 ,
889 749 1016 790 non
1071 731 1323 790 haberet
1377 748 1557 790 omne
1605 748 1736 789 esse
1780 742 1840 789 et
1896 730 2149 806 proinde
2201 730 2272 787 in-

311 819 542 896 digeret
583 839 760 878 causa
806 821 922 891 sui,
980 839 1136 896 quae
1193 813 1335 879 tunc
1389 830 1545 879 esset
1600 837 1780 879 causa
1835 819 2103 878 absolute
2158 837 2270 894 per-

310 909 645 980 fectissima,
690 908 803 968 nisi
845 909 1253 969 admitteretur
1295 909 1477 968 series
1514 918 1650 968 actu
1680 909 1909 966 infinita
1936 908 2157 967 entium
2198 927 2271 966 re·

308 999 482 1058 lative
525 998 1107 1074 perfectissimorum,
1152 998 1319 1074 quod
1361 1009 1671 1074 repugnat.

428 1088 880 1146 Admittendum
910 1100 999 1147 est
1026 1088 1283 1164 proinde
1322 1106 1431 1147 ens
1458 1087 1686 1146 infinite
1725 1087 2076 1163 perfectum,
2122 1087 2268 1162 quod

307 1177 380 1235 sit
422 1195 599 1235 causa
638 1177 1016 1253 improducta
1056 1177 1252 1236 omnis
1308 1177 1696 1253 perfectionis
1737 1175 2046 1248 limitatae,
2106 1194 2267 1252 quam

307 1266 577 1324 videmus
617 1266 680 1323 in
721 1266 840 1325 hoc
868 1268 1114 1326 mund0.
1172 1269 1300 1325 Ens
1341 1277 1539 1326 autem
1581 1266 1727 1325 illud
1755 1283 2039 1324 vocamus
2066 1266 2265 1324 Deum.

972 1382 1140 1456 Ergo
1179 1382 1347 1440 Deus
1388 1383 1620 1440 exsistit.

554 1555 589 1623 ἓ
630 1569 676 1624 5.
739 1562 1149 1622 Argumentum
1191 1575 1258 1610 ex
1294 1561 1619 1611 aeternitate
1656 1561 2036 1624 possibilium.

425 1684 515 1739 Ex
555 1682 1026 1742 immutabilitate
1055 1694 1115 1742 et
1143 1683 1489 1742 aeternitate
1520 1683 1909 1742 essentiarum
1938 1691 1999 1740 et
2028 1681 2265 1758 proinde

304 1787 378 1828 ex
419 1771 766 1830 aeternitate
808 1771 1120 1832 veritatum
1137 1819 1150 1844 ,
1209 1791 1365 1848 quae
1423 1772 1741 1830 relationes
1798 1771 2143 1830 essentiales
2185 1787 2266 1827 ex-

305 1860 596 1935 primunt,
657 1861 1011 1936 assurgimus
1060 1862 1139 1920 ad
1181 1863 1379 1920 Deum
1424 1872 1488 1919 ut
1537 1879 1635 1919 ens
1674 1880 1713 1919 a
1753 1878 1810 1918 se
1851 1869 2143 1918 aeternum
2180 1858 2262 1916 vel

302 1950 753 2008 fundamentum
808 1952 1001 2009 omnis
1050 1952 1339 2024 veritatiS,
1398 1952 1477 2010 ad
1538 1952 1873 2010 «Veritatem
1928 1958 2260 2015 aeternam»,

302 2039 379 2097 ad
427 2042 704 2115 «primam
744 2042 1102 2110 Veritatem»,
1147 2040 1267 2100 hoc
1309 2041 1527 2100 modo:

422 2129 599 2187 Entia
627 2130 1050 2205 contingentia,
1090 2140 1413 2205 antequam
1444 2131 1677 2189 fuerunt
1705 2141 1857 2202 actu,
1889 2140 2063 2188 erant
2090 2144 2265 2187 essen·
2340 2116 2342 2153 ³

301 2218 416 2276 tiae
472 2218 800 2293 possibiles.
887 2219 1007 2277 Sed
1063 2220 1347 2278 essentias
1390 2238 1617 2292 rerum,
1675 2221 1771 2277 vel
1821 2218 2159 2294 possibilia,
2210 2216 2263 2271 in
2340 2156 2342 2272 1

301 2306 511 2365 ordine
553 2307 685 2383 ipso
730 2307 1093 2383 possibilium
1139 2303 1363 2384 (ideali)
1394 2326 1467 2367 ex
1496 2308 1806 2384 ontologia
1831 2312 1847 2341 ¹
1888 2308 2109 2366 scimus
2148 2322 2263 2363 esse

299 2406 571 2454 aeternas
627 2397 974 2455 aeternitate
1030 2397 1285 2473 positiva
1341 2408 1400 2456 et
1452 2397 1817 2457 necessarias
1867 2398 1963 2456 vel
2013 2396 2265 2454 immuta·
2339 2460 2340 2465 η

298 2485 447 2543 biles
489 2503 564 2543 eo
607 2503 798 2558 sensu,
845 2486 1026 2561 quod,
1070 2497 1135 2545 ut
1158 2488 1322 2559 tales,
1368 2505 1491 2545 non
1529 2498 1777 2563 possunt
1817 2486 1946 2544 fieri
1988 2504 2115 2544 non
2146 2502 2263 2559 pos·
2338 2478 2340 2523 l

298 2574 514 2633 sibiles.
2338 2524 2340 2638 4

419 2664 600 2722 Unde
641 2666 722 2735 fit,
764 2674 828 2721 ut
867 2665 1143 2724 veritates
1183 2666 1281 2723 vel
1324 2664 1728 2736 enuntiabilia,
1772 2682 1928 2740 quae
1958 2663 2262 2724 relationes

297 2751 639 2811 essentiales
681 2753 1018 2828 exprimunt
1062 2750 1136 2830 (v.
1168 2772 1223 2829 g.
1256 2754 1647 2830 principium:
1696 2756 1917 2813 Totum
1956 2753 2146 2811 maius
2184 2760 2261 2808 est

297 2858 401 2899 sua
442 2836 652 2916 parte),
697 2842 965 2902 absolute
1009 2843 1125 2902 sint
1171 2843 1572 2915 necessariae,
1616 2844 1652 2902 i.
1698 2860 1749 2902 e.
1794 2842 2261 2918 independenter

298 2949 334 2987 a
374 2948 750 3006 quacumque
791 2931 1109 3009 hypothesi
1151 2933 1539 3008 contingenti.
2336 2936 2338 3004 1

417 3020 570 3078 Illud
613 3020 772 3079 enim
832 3039 1043 3097 «posse
1086 3022 1425 3094 exsistere»,
1485 3041 1606 3098 quo
1651 3022 1863 3081 entitas
1904 3018 2254 3097 possibilium

298 3109 683 3181 constituitur,
729 3109 790 3168 in
820 3112 1128 3187 ontologia
1167 3112 1534 3170 ostendimus
1576 3113 1736 3170 clare
1774 3111 1951 3169 nobis
1979 3122 2254 3185 apparere

295 3206 359 3254 ut
399 3207 723 3271 aeternum,
768 3199 1151 3273 immutabile,
1196 3202 1597 3259 necessarium
1616 3201 1655 3258 ².
1716 3202 1868 3259 Item
1912 3200 2072 3258 clare
2112 3195 2252 3255 vide-

420 3406 436 3437 ¹
476 3407 552 3455 Cf.
593 3408 691 3457 vol.
732 3410 769 3467 1,
812 3422 912 3471 233
953 3427 1062 3474 sqq.
1212 3410 1233 3441 2
1270 3413 1347 3461 Cf.
1392 3414 1490 3462 vol.
1527 3415 1567 3472 1,
1611 3424 1729 3475 223.
