2367 3850
958 0 1309 40 {etQ-1³>vzxv:⁴v-
1323 0 1334 7 ’

630 901 1549 969 PRAENOTIONES.

216 1055 263 1110 I.
308 1063 490 1112 Notio
528 1063 877 1125 Theologiae
902 1057 1208 1116 ‘natur-alie.
1289 1057 1622 1133 Theologia
1663 1058 1942 1118 naturalis
1984 1059 2078 1118 vel

112 1141 445 1200 Theodicea
500 1138 653 1217 (θεός
713 1152 773 1201 et
826 1137 969 1219 δίκη)
1028 1155 1145 1203 est:
1217 1148 1446 1204 scientia
1499 1147 1567 1206 de
1626 1146 1756 1205 Deo
1819 1149 2082 1206 naturali

113 1231 305 1289 lumine
345 1239 690 1307 comparata.
777 1233 1039 1293 Dicitur:

221 1357 482 1424 scientia,
546 1356 583 1414 i.
642 1374 693 1415 e.
758 1367 1013 1432 systema
1073 1357 1481 1434 cognitionum
1543 1369 1832 1418 certarum
1851 1407 1864 1432 ,
1923 1377 2078 1435 quae

115 1461 179 1500 ex
218 1444 523 1520 principiis
571 1445 749 1505 certis
803 1447 1005 1504 stricto
1048 1446 1270 1508 ordine·
1317 1447 1519 1523 logico
1563 1459 1872 1520 eruuntur,
1929 1449 2078 1508 sicut

117 1551 233 1591 rem
274 1533 334 1591 in
374 1534 575 1610 logica
616 1535 1048 1594 declaravimus
1072 1537 1105 1596 ¹.

232 1656 297 1713 de
331 1657 479 1716 Deo,
566 1658 730 1731 Quid
773 1661 937 1717 Deus
993 1659 1095 1730 sit,
1153 1659 1530 1735 intellegetur
1581 1679 1655 1719 ex
1700 1659 1974 1720 dicendis
2015 1661 2075 1719 in

120 1743 243 1819 ipsa
265 1746 567 1822 theologia
584 1748 853 1806 naturali.
904 1747 1027 1806 Hic
1054 1759 1268 1820 autem,
1304 1759 1368 1806 ut
1394 1749 1664 1820 sciamuS,
1708 1749 1786 1808 de
1817 1769 2074 1826 quanam

124 1851 182 1891 re
226 1845 421 1910 agatur
438 1883 451 1908 ,
510 1837 708 1895 Deum
763 1838 938 1896 nobis
997 1848 1510 1913 repraesentamus
1563 1849 1624 1896 ut
1664 1857 1760 1896 ens
1798 1841 2076 1914 quoddam

123 1943 156 1979 a
182 1941 240 1980 se
262 1928 539 1995 exsistens,
582 1928 1003 1999 necessarium,
1048 1928 1562 2003 perfectissimum,
1608 1929 1772 2003 quod
1801 1928 1872 1987 sit
1900 1947 2076 1987 causa

124 2030 371 2072 omnium
412 2033 628 2075 rerum.

236 2138 489 2195 naturali
538 2140 749 2196 lumine
801 2147 1145 2215 comparata.
1245 2139 1477 2213 Quibus
1533 2140 1729 2199 verbis
1784 2135 2076 2199 indicatur

128 2224 492 2301 praecipuum
562 2227 883 2286 discrimen
951 2228 1106 2287 inter
1179 2228 1543 2304 theologiam
1616 2230 1942 2287 naturalem
2018 2240 2076 2287 et

128 2317 627 2387 supernaturalem.
700 2318 973 2392 Utraque
1016 2316 1177 2376 enim
1221 2316 1467 2375 scientia
1508 2317 1629 2394 agit
1669 2318 1746 2377 de
1775 2319 1929 2388 De0,
1974 2318 2074 2392 qui

132 2411 207 2458 est
257 2421 451 2461 earum
494 2406 797 2465 obiectum
840 2408 1175 2478 materiale,
1235 2406 1342 2465 sed
1387 2424 1512 2465 non
1568 2409 1676 2466 sub
1732 2406 1948 2466 eodem
1990 2426 2074 2465 re-

132 2502 314 2563 spectu
355 2489 674 2568 (obiectum
718 2491 1010 2570 formale).
1069 2494 1404 2571 Theologia
1446 2496 1606 2554 enim
1648 2515 1816 2556 sacra
1843 2496 2075 2554 disserit

135 2577 201 2635 de
236 2581 361 2639 Deo
403 2584 507 2641 sub
550 2584 772 2644 lumine
816 2584 1212 2656 revelationis,
1257 2584 1560 2660 theologia
1601 2602 1743 2644 vero
1776 2584 2072 2655 naturaliS,

136 2668 227 2723 sub
262 2671 471 2730 lumine
514 2672 756 2732 rationis
798 2674 1095 2732 humanae
1114 2674 1152 2732 ².

245 2894 259 2925 ¹
293 2897 364 2947 Cf.
401 2901 498 2949 vol.
539 2901 578 2961 1,
620 2914 668 2961 9.

242 2972 261 3005 ²
294 2977 391 3028 Etsi
426 2981 474 3027 in
515 2981 601 3041 iis,
654 2996 781 3045 quae
820 2980 885 3033 de
923 2983 1039 3031 Deo
1078 2982 1175 3031 hoc
1214 2990 1424 3031 tractatu
1462 2997 1630 3030 sumus
1677 2980 2070 3041 demonstraturi,

144 3055 316 3105 nonnisi
351 3061 558 3109 naturali
597 3062 782 3110 utimur
818 3061 1035 3122 lumine,
1092 3069 1258 3112 tamen
1296 3063 1350 3111 in
1385 3069 1517 3111 statu
1553 3062 1887 3127 quaestionum
1925 3062 2072 3110 decla-

144 3135 300 3196 rando,
351 3140 492 3204 quale
528 3142 593 3191 de
630 3142 917 3206 praecipuis
954 3142 1377 3207 philosophorum
1430 3142 1640 3190 decretis
1691 3142 1752 3189 sit
1791 3141 2072 3206 Scripturae

148 3210 299 3265 Sacrae
332 3220 406 3268 vel
441 3220 697 3271 Ecclesiae
736 3221 1105 3283 testimonium,
1157 3222 1382 3270 breviter
1417 3221 1701 3271 referemus.
1774 3220 1902 3270 Cum
1939 3222 2072 3271 enim

150 3290 227 3341 hae
278 3296 557 3351 theodiceae
620 3302 963 3351 institutiones
1026 3302 1085 3350 iis
1156 3302 1404 3367 imprimis
1479 3302 1885 3350 accommodatae
1957 3303 2070 3360 sint,

150 3372 219 3433 qui
262 3378 319 3425 ad
365 3396 547 3430 sacram
598 3383 907 3447 theologiam
973 3383 1189 3430 animum
1259 3381 1520 3446 appellunt
1538 3420 1548 3440 ‚
1620 3380 1864 3429 eiusmodi
1933 3397 2074 3444 prae-

235 3468 589 3525 Reinntadlex,
620 3476 761 3516 Elem.
792 3474 951 3525 philos.
982 3474 1116 3514 schol.
1164 3474 1221 3515 ΙΙ.
1695 3479 1749 3511 11
