2367 3850
1038 1 1047 3 -
1106 0 1143 12 ·‘
1318 2 1341 14 ·’
1355 1 1375 5 -’
1393 1 1398 3 ·
1414 0 1454 24 :—
1469 0 2337 96 ³²·2ww‘m‘ffm

316 212 418 262 226
941 223 1279 260 ‘rammam
1318 223 1661 262 NATURALIS.

1083 389 1416 437 Aimcutus
1448 399 1516 437 Ἡ.
2336 310 2338 462 4

893 501 990 550 DE
1027 503 1528 565 AETERNITATE
1566 502 1709 552 DEI.

429 635 650 684 Thesis.
728 625 895 683 Deus
935 632 1018 682 cst
1053 631 1332 684 aeternus.

429 769 621 817 Status
659 765 1029 830 quaestionis.
1109 757 1452 816 Aeternitas
1499 775 1635 816 cum
1676 757 1935 817 Boethio
1980 755 2283 815 definitur:

315 847 802 906 «interminabilis
842 846 998 904 vitae
1040 856 1166 906 tota
1204 847 1373 906 simul
1416 856 1476 906 et
1504 848 1773 922 perfecta
1802 846 2163 922 possessio».
2220 844 2283 900 Id

309 947 413 1008 est,
459 937 616 994 iuxta
644 953 733 1007 ea,
780 951 936 1011 quae
971 933 1223 994 diximus
1252 936 1315 993 in
1344 937 1713 1011 cosmologia
1738 937 1783 994 ¹:
1837 935 2104 993 «duratio
2133 935 2282 1001 entis,

307 1027 462 1100 quod
509 1027 730 1083 exsistit
781 1023 941 1083 modo
969 1025 1417 1099 perfectissime,
1473 1027 1593 1083 sinc
1637 1031 1801 1094 ortu,
1858 1027 1981 1082 sine
2033 1024 2282 1088 interitu,

307 1123 433 1173 sine
460 1125 574 1174 ulla
598 1124 924 1184 mutatione,
970 1116 1113 1173 idem
1154 1116 1382 1173 omnino
1421 1115 1481 1172 in
1510 1133 1568 1172 se
1596 1123 1999 1190 permanens».
2032 1143 2115 1152 —-
2149 1111 2285 1169 Tria

309 1205 606 1263 elementa
663 1203 724 1261 in
781 1205 879 1263 illa
936 1203 1285 1264 aeternitate
1328 1203 1442 1261 Dei
1498 1202 1777 1278 distingui
1822 1213 2102 1278 possunt:
2162 1218 2279 1259 esse
2339 1241 2340 1288 l

309 1294 436 1352 sine
479 1291 664 1363 initio,
725 1311 854 1352 esse
897 1295 1024 1352 sine
1065 1294 1305 1351 interitu
1348 1303 1407 1351 et
1450 1288 1532 1368 (id
1581 1292 1748 1366 quod
1793 1303 1883 1350 est
1926 1292 2279 1350 elementum
2339 1363 2340 1366 Ἴ

307 1383 557 1440 formale
599 1382 960 1441 aeternitatis
1002 1377 1140 1457 Dei)
1184 1382 1419 1441 duratio
1460 1381 1587 1440 sine
1630 1382 1748 1438 ulla
1788 1379 2187 1438 successione.

429 1472 645 1528 Sensus
687 1489 832 1546 ergo
875 1472 1056 1530 thesis
1097 1471 1195 1528 hic
1230 1482 1345 1529 est:
1408 1470 1660 1528 Duratio
1701 1488 1830 1528 esse
1874 1470 1995 1527 Dei
2030 1467 2279 1526 excludit

316 1568 368 1614 1⁰
411 1559 660 1631 initium,
709 1571 765 1616 2⁰
807 1563 1008 1633 finem,
1053 1566 1113 1634 3⁰
1154 1578 1368 1618 omnem
1408 1561 1808 1617 successionem.

428 1649 639 1707 Thesis
683 1650 768 1707 sic
811 1649 1113 1709 intellecta
1135 1650 1264 1725 fide
1306 1656 1458 1706 certa
1499 1659 1603 1706 est.
1689 1648 1961 1705 Etenim:

431 1737 735 1812 Scriptura
780 1739 963 1796 Sacra
1005 1738 1200 1796 multis
1242 1737 1391 1796 locis
1424 1738 1580 1795 hanc
1623 1735 1958 1794 doctrinam
2001 1735 2272 1802 declarat,

307 1835 398 1882 ut:
453 1826 664 1883 «Initio
706 1836 768 1883 tu
811 1829 1075 1886 Domine
1119 1838 1269 1886 ete.»
1319 1822 1399 1902 (p.
1448 1820 1605 1901 ²²5)·

429 1913 763 1974 Concilium
805 1936 950 1975 vero
981 1917 1338 1977 Vaticanum
1382 1915 1443 1974 in
1477 1913 1899 1975 constitutione
1940 1913 2271 1990 dogmatica

306 2001 424 2059 iam
467 2022 899 2079 saepenumero
942 2008 1119 2064 allata
1161 2007 1361 2065 Deum
1402 2023 1533 2063 esse
1587 2014 1895 2063 aeternum
1940 2003 2269 2062 declaravit.
2341 2080 2342 2083 Ἴ

422 2146 629 2195 'rhesis
666 2148 940 2209 probatio.
1014 2138 1252 2197 Veritas
1306 2136 1647 2196 assertionis
1700 2148 1942 2196 nostrae
1989 2139 2145 2196 ultro
2184 2135 2273 2192 de·
2341 2118 2342 2181 Ϊ

307 2224 430 2281 fluit
486 2244 559 2283 ex
601 2226 700 2296 iis,
760 2245 914 2301 quae
970 2228 1274 2301 hucusque
1331 2227 1448 2284 iam
1503 2237 1639 2285 sunt
1678 2226 2001 2286 declarata.
2086 2227 2271 2282 Deum

307 2313 466 2370 enim
516 2321 571 2372 1⁰
608 2333 733 2372 non
761 2315 986 2373 habere
1014 2318 1258 2385 initium,
1302 2315 1564 2390 sequitur
1598 2333 1669 2373 ex
1700 2333 1794 2386 ec,
1839 2316 2006 2389 quod
2048 2325 2137 2373 est
2175 2329 2272 2370 ens

305 2421 341 2458 a
383 2421 464 2473 se,
511 2404 644 2461 fons
687 2405 880 2462 omnis
923 2422 1088 2480 esse3
1135 2414 1192 2462 2⁰
1233 2405 1422 2480 ipsum
1452 2422 1598 2463 vero
1627 2422 1755 2462 non
1786 2404 2122 2462 habiturum
2152 2418 2269 2460 esse

288 2492 503 2563 finem,
566 2492 771 2550 defluit
811 2510 884 2550 ex
927 2493 1052 2551 eius
1107 2493 1460 2551 necessitate
1504 2504 1563 2551 et
1604 2492 1833 2551 infinita
1874 2494 2269 2568 perfectione;

307 2592 367 2652 3⁰
421 2580 545 2637 eius
601 2580 862 2655 denique
919 2581 1294 2640 durationem
1349 2580 1412 2638 in
1468 2600 1597 2640 esse
1660 2581 1981 2641 excludere
2040 2600 2267 2641 omnem

303 2671 682 2726 successionem
701 2715 717 2737 ‚
791 2681 953 2745 patet
1012 2690 1084 2729 ex
1153 2670 1304 2729 thesi
1363 2670 1441 2729 de
1501 2670 1615 2729 Dei
1687 2672 1957 2745 perfecta
2020 2672 2270 2729 immuta·

304 2756 528 2816 bilitate
550 2759 586 2817 ².

431 2914 446 2945 ¹
484 2919 562 2967 Cf.
601 2920 700 2969 vol.
741 2920 780 2979 Ι,
823 2932 941 2981 343.

423 2994 446 3026 ²
484 2999 564 3045 De
603 2999 877 3059 fructibuS,
931 2999 1016 3063 qui
1052 3015 1116 3047 ex
1153 3000 1558 3049 consideratione
1603 3000 1919 3049 aeternitatis
1956 2986 2059 3049 'Dei
2110 2999 2262 3063 colligi

303 3086 531 3141 possunt,
571 3079 770 3127 Lessius
807 3078 839 3128 1.
881 3096 923 3127 c.
965 3079 996 3128 l.
1037 3080 1124 3138 IV,
1166 3097 1210 3128 e.
1252 3093 1285 3139 4
1323 3079 1449 3128 haec
1487 3080 1665 3129 docet:

430 3170 471 3205 1.
513 3159 702 3206 Primus
741 3165 831 3219 est,
871 3161 1148 3207 maximum
1178 3160 1423 3223 gaudium
1463 3158 1923 3224 concupiscentiae.
1981 3161 2108 3210 Cum
2142 3160 2259 3209 enim

303 3237 674 3285 consideramus
727 3246 884 3285 totum
937 3239 1061 3286 illud
1117 3242 1309 3288 bonum
1362 3239 1459 3287 Dei
1526 3246 1785 3288 aeternum
1857 3250 2087 3290 nostrum
2147 3255 2257 3295 esse,

275 3317 454 3363 'nobis
495 3318 796 3378 promissum
835 3326 885 3365 et
922 3335 952 3365 a
991 3319 1139 3367 nobis
1191 3319 1243 3365 in
1295 3327 1552 3367 aeternum
1608 3329 1659 3369 et
1710 3330 1869 3369 totum
1920 3321 2070 3369 simul
2122 3318 2257 3385 possi-

304 3394 554 3449 dendum;
595 3409 698 3441 non
737 3409 1004 3455 possumus
1043 3413 1146 3445 non
1183 3398 1401 3445 maximo
1438 3398 1626 3462 gaudio
1663 3399 1812 3449 affici.
1865 3400 1920 3449 Si
1957 3402 2089 3449 enim
2126 3401 2256 3449 dilec-
