2367 3850
758 251 833 287 DE
871 251 1074 288 DIVINO
1112 251 1434 288 CONCURSU.
1974 253 2079 302 219

221 399 386 472 Ergo
427 417 553 456 non
597 397 909 457 evidenter
949 399 1237 474 probatur
1264 399 1741 474 praemotionem
1772 400 2081 476 physicam

105 487 501 546 thomisticam
542 488 884 547 necessario
927 487 1167 562 requiri.
1216 519 1293 528 --
1334 490 1679 548 Praeterea:

227 596 279 634 2.
326 572 723 652 (Argumento
765 595 875 652 per
917 573 1285 652 absurdum.)
1340 577 1679 637 Praemotio
1708 577 1808 638 illa
1836 579 2083 654 physica

102 683 236 722 cum
293 666 557 740 pluribus
609 665 952 724 veritatibus
1007 666 1381 726 evidentibus
1436 667 1783 726 difficillime
1839 685 2083 742 compo·

100 753 273 824 nitur,
319 755 527 829 quales
570 766 706 813 sunt
746 755 1074 814 exsertentid
1115 757 1284 814 liberi
1320 757 1556 814 arbitrii
1594 766 1653 814 et
1692 758 1922 832 infim'ta
1962 757 2089 814 Dei

101 845 384 902 sanctitas.
471 844 744 904 Etenim:
809 887 811 889 .

218 927 276 1007 a)
329 933 486 1006 «Qui
527 951 672 992 vere
715 944 806 992 est
844 934 1126 993 dominus
1163 934 1416 994 actionis
1444 953 1602 1007 suae,
1646 935 1933 994 stantibus
1962 955 2083 994 om-

103 1019 272 1079 nibus
315 1023 394 1080 ad
434 1022 736 1098 agendum
765 1022 1224 1098 praerequisitis,
1270 1023 1451 1082 debet
1477 1023 1779 1082 actionem
1809 1024 2082 1083 omittere

103 1129 292 1184 posse.
353 1111 540 1186 Atqui
575 1129 701 1170 non
740 1111 974 1171 videtur
1015 1112 1280 1188 intellegi
1322 1131 1517 1189 posse,
1561 1113 1868 1190 quomodo
1897 1115 2082 1172 homo

104 1199 373 1260 omittere
417 1201 605 1276 possit
639 1202 944 1260 actionem
967 1202 1148 1260 ullam
1177 1201 1464 1260 stantibus
1492 1203 1771 1260 omnibus
1798 1203 1875 1261 ad
1906 1221 2083 1278 agen-

103 1288 238 1346 dum
282 1289 730 1365 praerequisitis
747 1337 761 1362 ‚
821 1290 871 1348 si
913 1289 1240 1349 admittitur
1294 1290 1525 1350 theoria
1581 1291 2083 1366 praedetermina-

103 1377 274 1438 tionis
329 1378 486 1438 illius
539 1379 844 1456 physicae.
928 1381 1086 1438 Nam
1141 1380 1473 1440 secundum
1528 1399 1661 1439 eam
1704 1381 1783 1440 ad
1839 1399 2082 1439 omnem

105 1467 400 1527 actionem
445 1468 546 1526 illa
588 1468 1154 1543 praedeterminatio
1184 1471 1686 1546 praerequiritur,
1743 1477 1808 1527 ut
1846 1470 2083 1546 aliquid,

105 1558 252 1630 quod
283 1561 347 1615 in
387 1565 658 1616 creatura
698 1565 915 1616 natura
951 1560 1112 1633 prius
1143 1561 1374 1634 passive
1402 1559 1699 1634 recipitur,
1745 1577 1925 1634 quam
1954 1559 2085 1634 ipsa

107 1657 368 1706 creatura
411 1647 720 1706 actualiter
761 1652 954 1706 activa
994 1659 1099 1718 est,
1151 1658 1211 1706 et
1250 1658 1564 1723 praeterea
1604 1648 1704 1706 illa
1746 1648 2083 1723 praedeter-

103 1736 344 1795 minatio
387 1737 718 1795 secundum
761 1736 1099 1814 explicitam
1141 1737 1478 1796 doctrinam
1520 1754 1725 1796 eorum
1742 1783 1756 1807 ,
1803 1736 1906 1811 qui
1948 1756 2082 1796 eam

106 1825 462 1896 defendunt,
522 1836 610 1884 est
665 1826 918 1901 aliquid,
978 1844 1240 1902 quocum
1296 1836 1451 1885 stare
1506 1837 1766 1900 nequeat
1807 1825 1921 1885 nisi
1962 1845 2082 1884 una

106 1926 298 1974 creata
340 1915 499 1974 actio
519 1962 534 1987 ,
590 1914 692 1975 illa
733 1915 990 1987 scilicet,
1049 1915 1128 1975 ad
1169 1935 1351 1991 quam
1392 1928 1662 1975 creatura
1703 1915 1762 1973 vi
1812 1934 2082 1992 praemo-

109 2003 278 2063 tionis
321 2015 605 2081 receptae
647 2007 927 2065 trahatur.

219 2096 424 2169 «Ergo
445 2094 679 2153 theoria
708 2096 809 2153 illa
835 2112 960 2153 non
990 2095 1224 2154 videtur
1252 2106 1391 2172 apte
1422 2094 1707 2172 componi
1738 2112 1913 2171 posse
1944 2112 2080 2152 cum

106 2182 361 2243 evidenti
403 2184 684 2256 veritate,
742 2184 1052 2243 hominem
1095 2204 1225 2244 esse
1267 2203 1409 2243 vere
1465 2183 1775 2242 dominum
1831 2182 2082 2242 actionis

105 2290 250 2343 suae,
298 2273 536 2348 quoties
575 2274 638 2330 in
680 2274 798 2331 hac
838 2273 976 2346 vita,
1020 2292 1130 2333 usu
1169 2274 1440 2350 perfecto
1482 2272 1725 2331 rationis
1752 2272 1813 2330 in
1843 2271 2081 2347 agendo

105 2362 375 2435 polleat.»
465 2362 735 2421 Deinde:

210 2446 277 2525 b)
345 2450 446 2509 «Si
488 2452 654 2511 Deus
697 2470 803 2510 suo
847 2452 1070 2510 influxu
1113 2463 1443 2511 creaturam
1488 2450 1839 2510 rationalem
1881 2448 2081 2507 imme·

104 2537 251 2598 diate
295 2541 493 2598 trahat
535 2541 614 2599 ad
655 2559 835 2599 unam
879 2532 1105 2599 certam
1147 2540 1449 2599 actionem
1466 2588 1479 2613 ,
1541 2558 1796 2615 quacum
1838 2539 1899 2595 in
1941 2555 2081 2596 con-

105 2639 259 2688 creto
305 2638 578 2705 spectata
633 2630 893 2706 pravitas
948 2630 1193 2688 moralis
1247 2629 1577 2689 deliberata
1636 2639 1938 2687 creaturae
1999 2626 2081 2683 in-

107 2717 423 2777 fallibiliter
465 2729 844 2789 conectatur,
889 2729 950 2777 et
991 2719 1040 2777 si
1081 2729 1395 2795 praeterea
1435 2720 1599 2777 Deus
1644 2736 1776 2776 eam
1818 2716 1895 2775 ad
1939 2715 2083 2774 eius-

106 2807 260 2866 modi
304 2808 608 2867 actionem
650 2808 732 2866 ita
772 2808 982 2878 trahat,
1027 2818 1089 2866 ut
1131 2827 1204 2867 ex
1248 2819 1455 2866 natura
1498 2808 1745 2865 influxus
1783 2804 1969 2865 divini
1998 2822 2082 2863 se-

103 2897 356 2955 cundum
409 2898 687 2956 effectum
731 2916 900 2956 suum
941 2897 1255 2972 physicum
1297 2897 1548 2973 spectati
1588 2895 1687 2953 illa
1744 2894 1899 2953 actio
1960 2911 2080 2951 cer-

103 2986 315 3044 tissime
361 2998 644 3061 sequatur
663 3032 676 3059 ,
735 2986 1097 3046 sufficienter
1152 2986 1417 3061 intellegi
1475 2985 1710 3059 nequit,
1772 2980 2079 3058 quomodo

104 3076 258 3133 Deus
298 3074 422 3133 ‘dici
468 3076 654 3153 possit
695 3094 821 3134 non
851 3084 967 3153 per
1004 3076 1253 3134 accidens
1295 3092 1528 3133 causare
1569 3080 1899 3149 peccatum,
1962 3090 2077 3146 qua

93 3172 408 3238 peccatum,
466 3184 542 3223 eo
585 3164 716 3241 ipso
735 3211 749 3236 ‚
809 3165 975 3240 quod
1019 3175 1355 3223 creaturam
1397 3163 1751 3221 rationalem
1791 3159 2079 3218 eiusmodi

103 3253 320 3313 influxu
376 3253 616 3312 afficiat.
700 3254 888 3329 Atqui
941 3252 1506 3330 praedeterminatio
1562 3248 1809 3325 physica
1825 3294 1838 3320 ,
1900 3267 2079 3323 quam

104 3360 515 3419 oppugnamus
532 3389 546 3414 ‚
607 3344 934 3402 secundum
978 3342 1319 3419 explicitam
1362 3340 1719 3399 asseclarum
1762 3338 1885 3395 eius
1941 3337 2079 3395 doc-

105 3432 314 3491 trinam
359 3442 449 3491 est
491 3430 784 3491 eiusmodi
825 3432 1078 3490 influxus
1121 3430 1371 3488 divinus.
1430 3430 1610 3501 Erg0‚
1655 3425 1885 3483 theoria
1911 3424 2079 3482 huius
