2367 3850
195 204 253 241 vt
1075 207 1274 245 INDEX.

1045 366 1211 402 LIBER
1256 367 1315 404 11.

336 466 429 514 DE
469 468 753 514 I-IUMINE
793 467 883 516 UT
922 466 1050 517 EST
1088 466 1447 528 SENTIENS‚
1487 468 1563 516 ID
1604 468 1732 518 EST
1768 468 2027 519 VIVENS

920 547 1089 596 VITA
1125 548 1445 596 ANIMALI.

200 682 360 746 Capul
441 682 473 730 Ι,
537 682 929 730 Observationes
967 680 1294 730 instituuntur
1331 681 1466 730 circa
1502 681 1653 730 vitam
1691 681 1957 733 animalem
1980 720 1990 731 .

268 762 376 810 Art*
445 762 477 810 Ι,
533 762 927 810 Observationes
965 760 1293 810 instituuntur
1329 760 1726 826 psychologicae

360 838 392 906 ἓ
441 854 481 890 1ὗ
537 842 685 890 Circa
725 841 1067 906 cognitionem
1103 841 1393 891 sensitivam

561 922 597 970 I.
653 922 801 970 Eitea
839 922 1184 971 sensationem
1222 931 1509 972 externam.

537 1002 601 1050 11,
653 1002 797 1050 Circa
835 1002 1174 1050 sensationem
1214 1002 1461 1052 internam
1501 1041 1509 1050 .

360 1078 392 1146 ἓ
437 1094 481 1130 2,
537 1082 681 1130 Circa
721 1081 999 1146 appetitum
1037 1083 1335 1131 sensitivam

585 1165 621 1210 1.
677 1162 797 1210 Eius
835 1162 977 1210 notio
1014 1178 1076 1211 ex
1113 1162 1471 1212 observatione
1510 1162 1769 1227 colligitur
1820 1201 1830 1211 .

565 1242 625 1290 ΙΙ.
681 1243 948 1306 Αρῑῑιιῑῐὶωε
987 1242 1213 1292 sensitivi
1252 1242 1447 1307 species
1486 1243 1866 1307 distinguuntur

537 1322 625 1370 ΙΙΙ.
681 1322 923 1370 Diversae
963 1322 1341 1386 distinguuntur
1377 1323 1639 1387 passiones
1661 1361 1671 1372 .

364 1450 376 1466 ι
437 1414 481 1462 3,
537 1402 681 1450 Cirta
717 1403 991 1466 potentiam
1029 1403 1290 1451 motricem
1340 1442 1349 1451 .

272 1482 380 1530 Art,
425 1482 485 1530 ΙΙ,
541 1482 938 1531 Observationes
978 1482 1306 1532 instituuntur
1342 1483 1717 1547 physiologicae

360 1558 392 1626 ξ
441 1574 481 1610 112
537 1562 617 1610 De
657 1574 902 1610 structura
939 1562 1210 1627 organismi
1246 1562 1379 1612 vitae
1416 1563 1685 1612 sensitivae

561 1646 601 1690 1.
657 1642 733 1690 De
777 1652 949 1691 centro
987 1643 1271 1707 systematis
1309 1641 1733 1708 cerebrospinalis
1824 1681 1832 1690 .

539 1722 601 1770 IL
657 1726 737 1770 De
777 1731 916 1786 parte
956 1722 1275 1788 peripherica
1344 1760 1354 1770 .

360 1798 396 1866 ξς
437 1814 481 1850 2.
537 1802 617 1850 ΠΕ
657 1802 979 1867 physiologia
1015 1803 1292 1867 organismi
1330 1803 1463 1851 vitae
1501 1802 1768 1851 sensitivae
1823 1841 1832 1850 .

589 1884 625 1930 Ῑ.
683 1886 761 1930 De
805 1882 1124 1948 physiologia
1161 1883 1466 1949 cognitionis
1504 1883 1771 1933 sensitivae
1824 1921 1833 1932 .

569 1962 629 2010 ΙΙ.
685 1962 761 2010 ΠΕ
801 1964 1121 2029 physiologia
1156 1964 1411 2028 appetitus

541 2047 625 2091 [II.
685 2047 765 2091 De
805 2042 1122 2109 physiologia
1162 2043 1424 2108 potentiae
1461 2043 1681 2092 motricis

272 2123 533 2171 Scholion.
609 2127 689 2171 De
745 2139 984 2187 processu
1034 2123 1286 2188 generali,
1340 2124 1616 2172 secundum
1666 2138 1816 2187 quem
1852 2122 1907 2171 fit
1945 2123 1995 2170 in

629 2203 773 2251 nubis
817 2204 1035 2253 sensatio

204 2315 372 2383 Caput
425 2319 485 2367 [L
541 2319 733 2367 Natura
769 2319 900 2367 vitae
938 2318 1212 2368 sensitivae
1249 2317 1607 2383 philosophice
1646 2317 1928 2366 declaratur
1985 2353 1994 2363 .

275 2399 380 2447 Art„
445 2399 481 2447 Ι.
541 2399 617 2447 De
657 2398 1038 2463 operationibus
1075 2399 1208 2447 vitae
1246 2398 1519 2447 sensitivae

272 2483 380 2527 An,
425 2479 485 2527 IL
545 2479 621 2527 De
653 2478 906 2543 principio
933 2478 1109 2527 ultimo
1134 2477 1492 2543 operationum
1518 2475 1869 2527 sensitivamm
1895 2476 1999 2524 sive

629 2559 689 2607 [le
733 2567 905 2607 natura
942 2558 1231 2606 animalium

272 2639 513 2687 Scholion
557 2639 593 2687 L
649 2639 725 2687 [le
765 2637 962 2703 origine
1000 2646 1052 2686 et
1086 2638 1223 2687 exitu
1260 2637 1548 2688 animalium

529 2719 589 2767 11„
649 2719 725 2767 De
769 2718 1106 2767 divisibilitate
1145 2718 1343 2767 animae
1382 2717 1649 2767 sensitivae

200 2823 368 2887 Capul
408 2827 493 2871 ΠΙ.
549 2823 693 2887 Quae
733 2827 793 2871 de
831 2824 1053 2883 homine,
1093 2832 1148 2872 ut
1185 2831 1263 2873 est
1300 2823 1538 2883 sentienS,
1580 2831 1840 2887 comperta
1866 2831 1996 2882 sunt,

613 2907 709 2951 iam
749 2903 965 2952 breviter
1002 2904 1324 2953 declarantur
1344 2942 1354 2953 .

276 2987 380 3031 Art.
453 2987 489 3031 I.
545 2987 621 3031 ΠΕ
665 2984 981 3033 facultatibus
1017 2984 1271 3034 sensitivis
1308 2983 1527 3032 hominis

364 3063 396 3127 ᾗ
445 3079 485 3111 1.
541 3067 785 3111 Diversae
825 3064 1088 3112 facultates
1126 3064 1449 3113 declarantur
1506 3099 1515 3110 .

364 3143 396 3207 ᾗ
441 3159 485 3191 2.
541 3143 813 3207 Quomodo
852 3144 1080 3192 diversae
1117 3144 1381 3193 facultates
1419 3143 1471 3191 in
1510 3141 1716 3190 homine
1765 3137 1897 3189 inter
1946 3156 2001 3189 se

613 3227 996 3287 distinguantur,
1038 3224 1244 3272 uberius
1283 3221 1562 3287 explicatur

276 3303 537 3351 fisshuliun.
613 3307 689 3351 De
733 3305 974 3353 instinctu
1025 3342 1033 3352 .

272 3387 380 3435 sliri„r
425 3387 489 3431 ]Ιὦ
545 3387 625 3431 De
665 3385 915 3448 principio
952 3384 1130 3433 ultimo
1167 3385 1301 3433 vitae
1340 3380 1614 3430 sensitivae
1652 3380 1701 3428 in
1743 3381 1947 3430 homine
1988 3418 1998 3429 .

2060 615 2167 666 Pag.

2104 696 2168 744 24

2104 775 2172 824 24

2106 855 2172 904 24

2105 937 2171 983 24

2107 1013 2170 1066 25

2106 1093 2170 1143 27

2106 1173 2170 1224 27

2106 1243 2173 1291 28

2108 1334 2173 1385 29

2106 1415 2174 1465 30

2106 1495 2174 1545 30

2106 1575 2135 1624 3
2148 1575 2166 1609 1

2107 1654 2167 1704 31

2108 1734 2176 1783 34

2108 1803 2175 1863 36

2108 1883 2175 1945 36

2109 1975 2175 2025 39

2107 2056 2176 2103 40
