2367 3850
6 6 361 87 „wc-c-.
400 6 443 9 -.
524 4 539 16 ,.

348 208 428 244 DE
468 207 937 248 OPERATIONIBUS
976 211 1089 247 VEL
1129 211 1372 248 ACTIBUS
1413 211 1793 248 VOLUNTATIS.
2009 209 2076 261 77

36 352 297 426 rietatiS‚
348 357 459 414 etsi
497 358 578 416 de
608 357 775 416 facto
817 358 881 415 in
908 358 1159 418 homine
1189 360 1591 431 inveniuntur,
1635 360 1715 419 ad
1753 359 2078 418 essentiam

36 451 255 502 tamen
300 445 483 504 liberi
526 446 759 505 arbitrii
802 465 929 506 non
970 448 1297 524 pertinent.

170 533 423 605 Quibus
450 534 793 606 declaratis,
824 537 979 595 haec
1005 536 1224 595 merito
1244 537 1421 596 statui
1439 547 1638 613 potest
1656 537 1830 596 liberi
1849 535 2077 594 arbitrii

34 619 333 681 definitio
366 626 685 682 essentialis
699 647 719 682 .·
752 627 1105 684 «voluntatis
1118 626 1408 700 facultas,
1435 646 1574 701 qua,
1594 628 1799 702 positis
1825 626 2080 683 omnibus

36 711 129 766 ad
166 713 467 784 agendum
498 716 963 788 praerequisitis‚
996 723 1192 790 potest
1229 733 1402 788 agere
1443 717 1539 773 vel
1573 735 1690 774 non
1731 732 1956 788 agere.»
1975 715 1990 745 ¹

170 823 253 878 II.
319 833 411 880 De
454 832 787 882 exsistentia
827 841 884 882 et
923 835 1266 883 extensione
1305 833 1580 883 libertatis
1619 835 1678 882 in
1715 833 1972 882 homine.

180 948 234 985 1.
282 929 387 987 De
430 929 709 988 libertate
754 950 791 988 a
833 933 1173 990 coactione.

173 1032 449 1092 Assertio
490 1037 543 1092 I.
590 1067 670 1074 —
714 1038 791 1094 In
832 1037 1059 1094 homine
1100 1038 1310 1094 coactio
1351 1037 1551 1094 cadere
1582 1043 1770 1113 potest
1808 1037 1870 1092 in
1926 1041 2084 1091 actus

46 1122 381 1180 voluntatis
420 1125 746 1200 imperatos.

176 1229 408 1288 Sensus
450 1230 626 1290 huius
674 1230 1021 1289 assertionis
1068 1241 1190 1290 est:
1249 1241 1420 1290 actus
1436 1276 1449 1301 ,
1509 1231 1613 1305 qui
1670 1232 1749 1288 ab
1805 1228 1936 1287 aliis
1979 1245 2086 1302 po-

45 1317 257 1375 tentiis
300 1319 627 1377 eliciuntur
644 1365 657 1389 ,
704 1319 813 1378 sed
854 1329 1061 1378 tamen
1106 1339 1145 1378 a
1184 1321 1496 1378 voluntate
1539 1317 1824 1394 imperari
1866 1318 2081 1386 solent,

49 1418 311 1480 possunt
356 1407 692 1482 aliquando
722 1408 860 1468 elici
907 1428 944 1466 a
973 1409 1224 1484 propria
1267 1408 1542 1484 potentia
1585 1418 1798 1466 contra
1839 1405 2085 1463 inclina-

48 1495 287 1554 tionem
315 1497 647 1555 voluntatis
675 1498 735 1556 vi
763 1507 1051 1556 externae
1082 1497 1440 1557 coactionis.
1491 1495 1679 1570 Quod
1709 1492 2082 1570 experientia

52 1585 380 1644 evidenter
423 1595 681 1645 constat.
764 1587 865 1645 Sic
908 1605 962 1645 e.
998 1605 1055 1662 g.
1100 1587 1243 1661 cogi
1285 1596 1486 1662 potest
1526 1586 1731 1655 homo,
1776 1593 1840 1640 ut
1879 1581 2082 1640 audiat

52 1676 148 1731 vel
194 1673 425 1745 videat,
474 1676 643 1750 quod
686 1675 896 1734 audire
940 1675 1037 1733 vel
1066 1676 1278 1734 videre
1308 1693 1435 1732 non
1463 1675 1604 1732 vult.
1663 1675 1840 1730 Ratio
1881 1681 2082 1728 autem

53 1763 229 1820 huius
272 1764 368 1822 rei
412 1764 717 1822 invenitur
757 1763 825 1821 in
867 1765 1060 1822 modo
1076 1810 1089 1834 ,
1148 1782 1276 1838 quo
1321 1762 1630 1839 potentiae
1683 1761 1820 1819 illae
1871 1776 2082 1834 opera—

55 1851 251 1910 tiones
310 1870 451 1911 suas
509 1863 816 1912 exercent.
917 1855 1127 1929 Agunt
1184 1852 1352 1911 enim
1413 1851 1756 1910 necessario
1809 1867 1886 1906 eo
1930 1847 2078 1921 ipse,

59 1941 226 2015 quod
269 1942 587 2001 obiectum
628 1944 693 2000 fit
750 1960 1059 2018 praesenS‚
1105 1944 1205 2001 vel
1249 1960 1326 2000 eo
1369 1941 1523 2016 ipse,
1566 1940 1734 2016 quod
1776 1938 1838 1995 in
1872 1954 2082 1995 eorum

59 2031 303 2105 organis
368 2033 435 2088 fit
496 2031 817 2108 impressio
834 2077 851 2103 ,
924 2048 1109 2106 quam
1174 2031 1486 2089 obiectum
1545 2026 1892 2085 naturaliter
1951 2040 2084 2098 pro·

61 2118 239 2177 ducit.
330 2120 512 2193 Quae
575 2120 785 2178 omnia
844 2119 977 2179 fieri
1039 2129 1295 2194 possunt
1356 2126 1572 2177 contra
1631 2114 2080 2173 inclinationem

62 2208 384 2266 voluntatis
427 2210 509 2267 ab
553 2219 774 2284 agente
821 2219 1092 2268 externo,

181 2314 449 2373 Assertio
476 2316 569 2373 II.
606 2347 675 2355 —
711 2316 908 2373 Homo
950 2315 1216 2372 libertate
1257 2333 1297 2369 a
1339 2312 1616 2370 coactione
1644 2308 1860 2382 gaudet
1893 2303 2091 2379 quoad

66 2404 379 2461 voluntatis
419 2410 581 2461 actus
623 2404 850 2461 elicitos.

184 2500 520 2576 Repugnat
564 2501 730 2559 enim
774 2510 978 2558 actum
1020 2497 1429 2557 voluntarium
1479 2493 1744 2553 elicitum
1799 2506 1929 2547 esse
1985 2504 2082 2585 co-

74 2598 281 2647 actum.
370 2592 564 2648 Actus
606 2588 775 2647 enim
819 2587 1053 2646 elicitus
1096 2597 1188 2645 est
1230 2596 1400 2643 actus
1444 2602 1481 2640 a
1521 2578 1823 2657 principio
1879 2576 2080 2633 intrin-

75 2694 208 2733 seco
260 2676 568 2737 secundum
625 2679 1051 2737 inclinationem
1105 2675 1423 2733 voluntatis
1479 2668 1856 2746 procedens3
1916 2672 2080 2760 actus

80 2775 269 2823 autem
314 2777 567 2826 coactus
612 2776 705 2825 est
746 2776 919 2823 actus
963 2785 1001 2822 a
1041 2762 1348 2840 principio
1392 2758 1733 2818 extrinseco
1775 2759 1971 2811 contra
1999 2769 2078 2805 m-

78 2854 425 2913 clinationcm
467 2856 790 2913 voluntatis
830 2853 1180 2929 productus
1265 2848 1388 2908 Sed
1431 2845 1745 2905 manifeste
1788 2846 2078 2914 repugnat

82 2958 259 2999 unum
316 2952 376 3001 et
434 2943 702 3002 eundem
761 2953 963 3001 actum
1021 2958 1155 2999 esse
1214 2959 1251 2997 a
1293 2933 1592 3014 principio
1647 2931 1972 3027 intrinseco
2020 2934 2078 3022 et

85 3030 405 3089 secundum
448 3031 916 3090 inclinationem
956 3022 1281 3088 voluntatis
1297 3072 1312 3097 ,
1371 3034 1433 3083 et
1473 3022 1646 3081 simul
1701 3037 1738 3076 a
1778 3030 2075 3092 principio

88 3119 413 3177 extrinseco
456 3130 518 3179 et
559 3131 779 3178 contra
820 3117 1284 3177 inclinationem
1325 3110 1659 3171 voluntatis.
2000 3188 2009 3197 ι

208 3226 265 3264 2.
315 3210 408 3267 De
462 3208 742 3269 libertate
800 3228 839 3266 a
879 3206 1241 3265 necessitate
1297 3202 1393 3259 vel
1451 3199 1530 3257 de
1579 3196 1767 3253 libero
1810 3189 2071 3248 arbitno.

220 3380 239 3409 ¹
274 3384 437 3444 Meyer
471 3387 504 3437 1.
544 3402 588 3437 c.
630 3404 682 3452 p.
728 3398 814 3447 74.
