2367 3850
244 203 345 261 296
822 214 1052 251 ETHICA.
1120 215 1258 250 PARS
1299 214 1636 251 GENERALIS.

239 362 412 420 ratim
468 371 713 436 agentes
769 361 1073 436 inquirere
1128 380 1472 438 possumuS,
1547 380 1848 437 quaenam
1903 371 1966 419 et
2027 360 2244 436 qualia

238 451 355 508 sint
396 468 468 508 ea
510 449 733 521 omnia,
778 470 815 507 a
856 451 1071 526 quibus
1112 461 1276 510 actus
1304 452 1596 510 humanus
1625 468 2012 527 quocumque
2039 450 2244 508 modo

240 539 533 615 procedit.

360 629 487 686 Iam
543 646 688 687 vero
746 630 1138 688 moralitatem
1197 649 1234 687 a
1287 631 1545 687 libertate
1603 639 1666 687 ut
1719 649 1756 686 a
1816 648 1998 688 causa
2057 628 2245 704 quasi

240 717 529 776 materiali
571 717 921 793 procedere.
966 717 1185 777 scimus
1227 737 1301 777 ex
1343 718 1516 777 dictis
1558 739 1618 794 p.
1666 739 1798 794 290.

361 807 700 866 Formalem
742 825 887 866 vero
932 825 1099 865 suam
1127 817 1400 866 naturam
1429 807 1825 866 moralitatem
1855 809 2246 866 ostendimus

239 896 461 954 habere
522 914 559 953 a
616 896 849 955 ratione
867 941 880 967 ,
952 906 1244 972 quatenus
1308 897 1461 955 haec
1531 895 1906 956 essentialem
1977 907 2244 954 naturae

239 985 533 1044 humanae
576 984 969 1044 directionem
1028 985 1089 1044 in
1144 987 1326 1044 finem
1379 985 1635 1045 exhibet.
1723 988 1813 1044 Ex
1873 1003 1996 1060 qua
2055 996 2245 1061 parte

240 1074 355 1132 alia
410 1075 591 1132 multa
646 1075 992 1134 moralitatis
1046 1074 1344 1151 principia
1399 1083 1564 1134 recte
1620 1073 1900 1151 distingui
1955 1086 2242 1151 possunt.

245 1164 515 1223 Etenim:

373 1273 421 1310 1.
485 1251 767 1310 Obiectum
809 1251 999 1330 ipsum
1045 1271 1179 1310 cum
1224 1271 1330 1311 sua
1371 1251 1702 1312 moralitate
1745 1252 2048 1312 obiectiva
2063 1299 2078 1324 ,
2133 1257 2242 1311 cir·

238 1343 622 1411 cumstantiae,
671 1341 733 1399 in
778 1341 991 1416 quibus
1034 1352 1198 1400 actus
1240 1342 1482 1426 ponitur
1497 1389 1511 1414 ‚
1537 1344 1706 1418 finiS,
1751 1352 2001 1418 propter
2043 1361 2242 1418 quern

241 1430 491 1502 elicitur,
537 1430 833 1506 principia
874 1430 1222 1490 moralitatis
1263 1430 1386 1490 dici
1427 1441 1674 1506 possunt
1714 1449 1790 1490 eo
1817 1449 2012 1503 sensu,
2059 1432 2240 1506 quod

240 1522 317 1579 ab
359 1519 501 1596 ipsis
557 1529 722 1578 actus
777 1516 1069 1578 humanus
1123 1521 1188 1578 fit
1241 1522 1615 1578 essentialiter
1664 1522 1758 1580 vel
1809 1521 2244 1578 accidentaliter

239 1610 370 1667 talis
411 1610 507 1667 vel
549 1609 682 1666 talis
724 1618 889 1667 actus
944 1629 981 1666 a
1034 1609 1268 1668 ratione
1323 1610 1754 1685 approbandus
1808 1611 1903 1668 vel
1957 1610 2038 1668 ab
2097 1609 2242 1685 ipsa

242 1697 665 1774 repudiandus.
750 1697 849 1755 Sic
905 1716 979 1756 ex
1032 1707 1204 1774 parte
1259 1698 1482 1758 obiecti
1523 1716 1575 1757 e.
1619 1717 1676 1774 g.
1722 1699 1867 1757 alius
1909 1709 1999 1758 est
2053 1717 2240 1756 amor

243 1788 377 1858 Dei,
422 1786 569 1845 alius
612 1795 701 1845 est
741 1797 905 1845 actus
947 1787 1166 1846 amoris
1208 1787 1537 1863 pecuniae3
1592 1787 1676 1846 sic
1718 1787 1893 1846 etiam
1937 1805 2013 1846 ex
2053 1798 2236 1864 parte

242 1877 375 1935 finis
418 1875 721 1953 operantis
763 1875 909 1935 alius
952 1886 1041 1935 est
1082 1877 1529 1954 eleemosynam
1572 1876 1874 1953 largientis
1915 1885 2116 1949 actuS,
2187 1877 2238 1935 si

241 1967 305 2024 fit
346 1966 424 2024 ad
467 1976 879 2041 paupertatem
921 1967 1384 2042 sublevandam-3
1439 1966 1614 2038 aliuS,
1673 1966 1722 2025 si
1775 1978 2090 2041 usurpatur
2154 1968 2235 2026 ad

240 2055 481 2113 inanem
524 2056 774 2129 gloriam
817 2054 1266 2130 acquirendam.
1352 2056 1526 2129 Quae
1580 2055 1826 2130 quidem
1874 2056 2236 2114 moralitatis

241 2143 553 2219 principia,
598 2144 900 2203 obiectum
944 2144 1203 2214 scilicet,
1247 2144 1755 2216 circumstantiae,
1798 2145 1977 2216 fines,
2024 2165 2064 2202 a
2103 2164 2237 2203 mo-

242 2233 455 2291 ralistis
496 2252 623 2291 non
666 2251 801 2292 raro
845 2234 1119 2292 dicuntur
1148 2234 1352 2309 fontes
1392 2233 1756 2292 moralitatis,

370 2342 421 2381 2.
486 2324 689 2397 Ipsum
746 2340 891 2381 vero
947 2322 1251 2381 dictamen
1293 2324 1390 2382 vel
1431 2324 1717 2381 ordinatio
1768 2324 2012 2382 rationis
2066 2324 2235 2399 prin-

243 2412 462 2487 cipium
506 2411 853 2470 moralitatis
897 2412 1128 2484 dicitur,
1174 2422 1467 2488 quatenus
1507 2411 1784 2489 exprimit
1822 2414 2096 2487 regulam
2132 2414 2234 2471 vel

240 2519 513 2559 normam
533 2548 546 2573 ,
605 2499 700 2559 cui
743 2512 907 2560 actus
948 2501 1242 2560 humanus
1284 2501 1756 2561 conformandus
1810 2501 1912 2573 sit,
1968 2512 2034 2559 ut
2089 2520 2234 2560 usus

242 2590 527 2649 libertatis
570 2589 644 2648 sit
686 2601 896 2649 rectus.
983 2592 1159 2665 Quae
1201 2609 1418 2649 norma
1459 2592 1682 2668 duplex
1725 2601 1840 2649 est:

362 2679 499 2737 Alia
540 2678 766 2739 scilicet
806 2681 1149 2749 extrinseca,
1208 2680 1304 2739 vel
1345 2682 1470 2750 lex,
1529 2701 1566 2739 a
1608 2698 1727 2757 qua
1781 2678 2059 2757 procedit
2103 2700 2234 2739 mo·

242 2768 458 2838 ralitaS,
504 2788 685 2843 quam
730 2788 907 2846 supra
949 2769 1200 2829 diximus
1243 2769 1608 2830 materialem
1653 2765 1732 2847 (p.
1782 2763 1935 2846 294).

364 2856 503 2915 Alia
555 2859 860 2916 intrinseca
873 2902 892 2927 ,
950 2860 1046 2917 vel
1101 2860 1432 2917 conscientia
1445 2904 1463 2930 ,
1526 2880 1563 2917 a
1619 2878 1738 2935 qua
1796 2858 1981 2917 oritur
2032 2878 2234 2917 mora-

246 2946 378 3005 litas
420 2946 685 3006 formalis
729 2942 1016 3023 (ibidem).

366 3056 419 3111 3.
464 3037 893 3094 Inclinationem
932 3037 1196 3113 denique
1239 3038 1318 3096 ad
1361 3047 1590 3096 rectum
1631 3037 1727 3097 vel
1764 3056 2010 3113 pravum
2049 3055 2230 3096 usum

242 3125 528 3184 libertatis
571 3125 619 3184 si
659 3125 1253 3198 consideraverimUS‚
1299 3127 1459 3185 aliud
1489 3126 1833 3185 moralitatis
1861 3125 2227 3203 principium

243 3215 621 3289 detegemus,
683 3215 936 3273 habitum
978 3214 1206 3273 scilicet
1247 3215 1474 3274 bonum
1516 3216 1612 3273 vel
1653 3216 1873 3274 malum
1916 3214 2228 3292 potentiae

244 3303 563 3360 rationalis
622 3305 713 3359 Ex
742 3304 1158 3361 observatione
1189 3303 1350 3361 enim
1379 3304 1810 3380 psychologica
1847 3316 2228 3381 compertum

294 3391 534 3445 ibemus
574 3389 811 3447 habitus
850 3390 1045 3448 bonos
1087 3392 1181 3449 vel
1225 3394 1414 3451 malos
1455 3410 1581 3450 non
1624 3411 1837 3469 parum
1878 3394 1957 3455 ad
1983 3404 2226 3454 actuum
