2367 3850
317 194 419 260 238
941 206 1275 246 'rammam
1312 207 1656 247 Nummus

311 354 466 415 inter
505 365 594 414 tot
633 357 795 416 entia
830 357 1134 434 possibilia
1162 358 1263 416 illa
1292 359 1486 434 elegit,
1531 376 1685 434 quae
1713 357 1885 417 huius
1912 353 2283 434 aspectabilis

312 446 520 504 mundi
562 446 838 506 ordinem
879 447 1257 507 constituunt.
1308 478 1378 488 -
1412 449 1662 506 Constat
1688 447 1933 523 insuper
1961 465 2035 506 ex
2062 445 2281 505 infinita

313 534 426 593 Dei
472 536 861 610 perfectione.
1077 549 1084 554 ’

433 624 551 684 Sed
583 627 779 698 agitur
815 627 909 684 hic
945 627 1013 683 de
1051 633 1178 684 actu
1219 625 1390 684 huius
1443 626 1759 684 voluntatis
1818 624 2078 684 divinae.
2161 627 2278 683 Iam

311 731 454 772 vero
497 714 660 772 illum
701 725 897 773 actum
940 716 1002 772 in
1041 735 1147 773 sua
1188 717 1420 772 entitate
1457 722 1759 790 spectatum
1800 714 2040 772 unicum
2069 725 2133 773 et
2156 715 2279 772 sim-

309 803 692 878 plicissimum
735 820 889 876 esse,
934 805 1012 862 ab
1053 803 1184 880 ipsa
1225 804 1483 863 essentia
1524 803 1727 862 divina
1766 804 1933 861 nullo
1976 803 2159 861 modo
2200 822 2277 861 re·

310 893 479 951 aliter
519 893 876 966 distinctum,
921 905 1136 970 sponte
1177 894 1384 953 defluit
1426 911 1499 952 ex
1526 893 1614 966 iis,
1659 911 1814 968 quae
1843 893 2097 952 diximus
2124 892 2273 950 circa

309 980 745 1058 simplicitatem
775 983 907 1042 Dei.
963 983 1339 1042 Considerata
1366 990 1554 1041 autem
1581 983 1909 1040 diversitate
1934 983 2271 1050 obiectorum,

309 1071 387 1129 ad
430 1089 583 1146 quae
626 1089 756 1130 sese
799 1073 1092 1145 extendit,
1151 1082 1315 1131 recte
1371 1092 1408 1130 a
1461 1073 1685 1130 ratione
1736 1073 2033 1147 multiplex
2084 1071 2273 1129 distin-

309 1159 500 1235 guitur
540 1171 600 1218 et
645 1159 887 1236 quidem
930 1180 1066 1220 cum
1123 1162 1514 1220 fundamento
1569 1161 1633 1220 in
1690 1179 1775 1220 re.
1861 1161 2063 1234 Quare
2118 1171 2272 1218 actus

308 1249 547 1308 divinae
607 1243 942 1309 voluntatis
987 1268 1423 1326 saepenumero
1483 1250 1697 1308 dicitur
1754 1251 2047 1307 entz’tative
2110 1267 2267 1320 unUS,

308 1341 663 1397 terminative
703 1339 1022 1415 multiplex.
1081 1339 1403 1412 Quaeritur
1445 1339 1703 1415 proinde
1731 1339 1847 1410 hic,
1894 1338 2135 1413 quinam
2164 1338 2268 1396 sint

308 1427 525 1486 diversi
568 1429 651 1486 illi
692 1428 958 1500 termini,
1016 1429 1094 1487 ad
1139 1448 1292 1505 quos
1349 1447 1480 1488 sese
1537 1427 1802 1487 extendit
1854 1427 2061 1486 unicus
2115 1438 2268 1485 actus

306 1515 556 1588 divinuS‚
601 1529 660 1576 et
701 1519 779 1576 ad
813 1519 1181 1594 propositam
1212 1517 1628 1593 quaestionem
1656 1518 2116 1592 respondemus:
2162 1519 2269 1574 Vo-

303 1605 496 1664 luntas
537 1606 741 1665 divina
781 1624 912 1666 sese
943 1607 1210 1666 extendit
1238 1608 1317 1666 ad
1347 1606 1568 1678 omnia,
1614 1625 2029 1682 quaecumque
2056 1606 2267 1664 habent

303 1695 528 1770 aliquid
571 1696 846 1756 entitatiS.

423 1838 629 1887 Thesis
664 1837 940 1900 probatio.
1031 1848 1078 1886 1.
1136 1828 1304 1885 Deus
1345 1835 1507 1885 amat
1542 1845 1599 1886 se
1639 1829 1835 1903 ipsum.
1920 1827 2071 1884 Cum
2113 1827 2259 1884 enim

303 1929 466 1977 actus
505 1919 822 1978 voluntatis
862 1917 1100 1977 divinae
1143 1917 1217 1976 sit
1257 1917 1483 1976 infinite
1526 1917 1852 1993 perfectuS,
1898 1917 2086 1987 DeuS,
2129 1916 2257 1974 dum

303 2018 462 2066 amat
501 2008 745 2083 aliquid,
788 2008 972 2067 debet
1013 2008 1305 2083 imprimis
1347 2026 1551 2065 amare
1594 2007 1672 2078 id,
1718 2006 1882 2081 quod
1925 2016 2013 2065 est
2039 2006 2180 2063 ratio
2206 2014 2259 2061 et

302 2114 480 2154 causa
520 2096 714 2155 omnis
757 2115 902 2155 esse.
963 2097 1083 2155 Sed
1123 2095 1276 2155 ratio
1318 2105 1378 2155 et
1418 2114 1597 2154 causa
1638 2095 1831 2153 omnis
1874 2112 2005 2153 esse
2032 2103 2118 2153 est
2142 2094 2257 2169 ipsa
2327 2122 2328 2136 κ

301 2185 556 2244 essentia
614 2186 834 2244 divina.
920 2187 1082 2261 Ergo
1139 2187 1303 2244 Deus
1364 2194 1524 2243 amat
1582 2202 1749 2243 suam
1808 2185 2119 2243 essentiam
2172 2184 2253 2241 vel
2325 2229 2326 2260 ¹

300 2292 362 2331 se
404 2274 616 2350 ipsum.

423 2383 474 2422 2.
520 2364 685 2421 Deus
725 2371 885 2421 amat
923 2365 1112 2421 omnia
1153 2364 1276 2421 alia
1319 2382 1357 2420 a
1397 2382 1469 2421 se.

420 2447 476 2527 a)
522 2454 743 2511 Omnia
785 2452 944 2511 entia
985 2453 1236 2510 actualia
1278 2471 1402 2510 non
1444 2451 1747 2523 exsistunt,
1790 2452 1903 2510 nisi
1945 2452 2080 2524 quia
2106 2452 2250 2508 Deus
2321 2479 2322 2504 ι

298 2542 375 2599 ab
418 2552 666 2600 aeterno
707 2560 833 2599 non
875 2543 1067 2601 solum
1108 2540 1397 2600 intellexit
1440 2559 1512 2599 ea
1541 2558 1670 2599 esse
1699 2540 2023 2617 possibilia,
2066 2539 2165 2598 sed
2203 2548 2251 2595 et

299 2630 565 2689 decrevit
622 2649 695 2690 ea
750 2629 1088 2689 exsistentia
1142 2631 1357 2688 actuali
1400 2630 1646 2689 donare.
1732 2629 1907 2703 Quae
1951 2629 2147 2687 omnia
2183 2627 2251 2683 in·

299 2719 543 2777 cludunt
585 2731 782 2778 actum
823 2719 1159 2779 voluntatis,

418 2804 481 2884 b)
520 2810 759 2883 ¹Quoad
799 2811 1094 2885 possibilia
1135 2827 1279 2867 vero
1324 2818 1556 2867 constat
1597 2809 1793 2867 Deum
1838 2825 1911 2866 ea
1954 2825 2148 2866 amare
2186 2823 2248 2863 eo
2314 2810 2316 2821 ²

297 2899 447 2974 ips0,
495 2901 660 2973 quod
703 2909 864 2957 amat
905 2897 1358 2958 imitabilitatem
1400 2916 1567 2956 suam
1610 2897 1691 2955 ad
1732 2906 1900 2955 extra
1926 2898 1960 2956 ¹.

298 3105 390 3138 nos
441 3090 626 3139 versari
677 3092 905 3155 oportet!
985 3090 1034 3138 Si
1087 3090 1221 3139 enim
1274 3088 1356 3153 qui
1406 3097 1671 3137 versantur
1706 3087 1757 3135 in
1796 3087 1958 3136 oculis
2013 3086 2243 3151 principis,

297 3170 565 3234 diligenter
601 3179 794 3230 cavent,
836 3187 900 3219 ne
939 3171 1060 3234 quid
1099 3169 1423 3228 committant,
1464 3168 1602 3232 quod
1640 3168 1817 3216 oculos
1842 3166 2088 3231 principis
2112 3166 2244 3215 ofsen-

297 3251 417 3297 dere
468 3250 654 3314 possit,
707 3260 893 3312 quanta
944 3248 1210 3313 diligentia
1262 3248 1412 3295 nobis
1450 3248 1764 3307 cavendum,
1805 3247 1891 3310 qui
1928 3263 2175 3295 versamur
2203 3247 2243 3293 in
2306 3254 2308 3257 ⁴

296 3328 456 3374 oculis
494 3336 660 3374 tantae
697 3328 983 3385 maiestatis,
1025 3344 1088 3375 ne
1126 3326 1251 3390 quid
1288 3327 1618 3383 admittamus,
1660 3326 1799 3388 quod
1837 3326 1938 3390 ipsi
1974 3327 2241 3390 displiceat?

423 3403 438 3431 ¹
477 3404 554 3450 Cf.
597 3404 860 3451 Hontlzeim
897 3404 931 3453 l.
972 3420 1014 3453 c.
1053 3422 1105 3467 p.
1145 3406 1266 3466 675.
