2367 3850
54 0 650 46 'jWW‘-“”'
670 0 744 6 “’“’
761 0 835 10 “’“’
879 0 890 2 “
924 0 957 2 W
1002 0 1060 22 '1-
1102 15 1111 20 -
1152 0 1161 1 ’

394 243 472 278 DE
513 227 978 282 OPERATIONJBUS
1018 246 1128 283 VEL
1166 247 1404 284 ACTIBUS
1444 248 1822 284 VOLUNTATIS.
2019 250 2082 296 91

222 391 354 448 Etsi
412 400 611 448 autem
666 392 729 449 in
789 411 1001 451 somno
1057 395 1218 451 nulla
1276 405 1364 453 est
1409 413 1843 470 saepenumero
1892 415 2090 456 rerum

95 488 488 538 externarum
530 481 861 557 perceptio,
906 482 1172 558 cognitio
1216 494 1417 542 tamen
1460 486 1654 543 omnis
1688 504 1812 544 non
1853 504 2092 562 semper

96 567 295 627 deest.
384 571 599 644 Neque
642 589 779 628 raro
824 571 985 630 enim
1027 572 1086 628 in
1132 572 1264 648 ipso
1303 591 1516 632 somno
1546 575 1876 633 excitantur
1905 575 2092 651 phan-

94 667 359 716 tasmata
414 678 552 717 curn
606 660 710 718 tali
751 661 814 718 in
855 679 1092 719 sensum
1137 681 1518 722 communem
1574 664 1985 736 redundantia,
2029 675 2092 722 ut

90 748 505 806 alucinatiomk
570 752 665 808 vel
730 751 1008 808 illusionis
1031 752 1047 783 ¹
1102 751 1366 821 indolem
1423 754 1702 812 habeant.
1801 753 2090 829 Specialis

94 854 245 896 vero
292 839 397 897 ille
440 839 638 897 somni
680 849 858 898 status
901 840 1116 898 dicitur
1156 843 1431 898 somnium
1486 851 1546 900 et
1586 842 1894 901 definitur:
1959 861 2093 918 ‹ap-

94 927 325 1001 paritio
370 927 633 986 exhibita
673 947 785 1004 per
820 930 1195 1006 phantasiam
1223 930 1286 988 in
1315 931 1400 1003 iis,
1447 933 1548 1006 qui
1592 931 1912 1002 dormiunt,
1957 949 2092 989 cum

94 1016 308 1091 aliqua
352 1016 414 1074 in
453 1036 693 1077 sensum
723 1036 1104 1077 communem
1132 1020 1528 1079 redundantia
1553 1022 1631 1079 2².
1712 1022 1864 1080 Cum
1897 1029 2092 1078 autem

96 1105 157 1162 in
202 1105 473 1178 somni0‚
517 1117 767 1183 propter
807 1108 1222 1168 alucinationis
1261 1109 1416 1168 illius
1462 1119 1674 1168 statum
1719 1111 2089 1185 praesertim,

95 1195 303 1253 omnis
350 1213 494 1254 vera
534 1196 889 1255 deliberatio
932 1197 1310 1274 impediatur,
1360 1199 1550 1257 libera
1591 1217 1834 1274 quoque
1878 1198 2093 1257 electio

96 1285 332 1343 tollitur
353 1286 389 1343 ³.
450 1285 651 1357 Unde,
689 1305 843 1361 quae
873 1287 936 1344 in
965 1286 1202 1346 somnio
1231 1287 1543 1347 eliciuntur
1573 1289 1970 1364 appetitiones
2000 1289 2093 1346 vel

97 1376 248 1432 fiunt
294 1377 587 1445 actiones,
632 1385 796 1433 actus
838 1377 1081 1434 humani
1118 1379 1213 1435 vel
1242 1379 1498 1436 morales
1526 1376 1647 1436 dici
1675 1397 1799 1436 non
1829 1386 2092 1452 possunt.

222 1464 587 1522 Cuiusmodi
648 1466 1077 1524 alucinationes
1132 1465 1430 1524 interdum
1489 1467 1668 1526 etiam
1716 1465 2094 1542 vigilantibus

96 1553 411 1612 accidunt.
518 1555 732 1628 Neque
796 1573 931 1612 raro
986 1556 1262 1614 homines
1316 1557 1380 1612 in
1441 1557 1573 1632 ipso
1629 1567 1779 1614 statu
1835 1555 2090 1630 vigiliae,

97 1643 548 1701 somniantibus
612 1645 779 1718 quasi
840 1643 1085 1715 simileS,
1143 1645 1411 1704 actiones
1467 1645 1710 1703 eliciunt
1768 1647 1948 1721 plane
2011 1643 2092 1701 in-

99 1732 495 1804 deliberatas.
604 1733 1104 1808 «Nonnumquam
1161 1735 1324 1792 enim
1379 1736 1459 1792 ob
1520 1737 1848 1793 naturalem
1909 1732 2093 1808 phan-

97 1820 292 1880 tasiae
356 1821 732 1897 fragilitatem
790 1823 853 1880 in
906 1824 1085 1881 rebus
1140 1823 1474 1898 cogitandis
1520 1841 1855 1894 versamur,
1911 1822 2096 1898 prius-

103 1930 293 1985 quam
341 1912 519 1970 nobis
562 1911 623 1969 in
665 1922 928 1972 mentem
970 1913 1189 1986 veniat,
1249 1913 1394 1989 quid
1437 1913 1512 1972 de
1555 1911 1893 1972 huiusmodi
1937 1911 2094 1988 cogi-

103 2000 441 2059 tationibus
482 2002 747 2077 practice
790 2003 863 2059 sit
903 2002 1297 2083 sentiendum.
1377 2005 1448 2060 In
1490 2002 1581 2062 his
1623 2003 1798 2078 igitur
1840 2003 2088 2072 casibuS,

100 2108 225 2164 quo
272 2091 475 2149 maior
516 2099 606 2148 est
648 2090 1019 2166 imperfectio
1062 2092 1265 2150 iudicii
1307 2092 1385 2151 de
1427 2093 1630 2150 valore
1673 2092 1941 2167 practico
1990 2092 2090 2149 ob·

103 2178 244 2237 iecti
288 2179 599 2237 intellectu
640 2181 945 2255 propositi,
992 2198 1067 2239 eo
1110 2180 1307 2239 minor
1347 2191 1437 2239 est
1477 2181 1716 2239 libertas
1746 2178 1970 2238 arbitrii
2013 2180 2092 2238 ad

103 2269 255 2327 illud
303 2268 613 2326 obiectum
655 2269 1091 2344 acceptandum
1134 2278 1194 2327 et
1235 2268 1659 2329 reiciendum.»
1686 2271 1706 2302 ⁴

104 2467 433 2532 giquement‚
486 2468 535 2515 le
586 2468 813 2516 sommeil
850 2466 1236 2532 s’accompagne
1273 2466 1395 2516 d’un
1432 2468 1829 2516 ralentissement
1867 2467 2087 2526 notable‚

104 2547 146 2594 si
180 2564 289 2596 non
331 2546 483 2597 d'une
522 2548 820 2611 suspension
858 2547 1124 2613 complete,
1167 2549 1231 2596 de
1269 2549 1319 2597 la
1356 2548 1649 2612 perception
1680 2548 1769 2597 des
1797 2548 1976 2596 choses
2014 2564 2093 2595 ex-

105 2627 386 2687 terieures,
441 2630 506 2677 de
546 2628 594 2675 la
631 2629 931 2677 conscience
971 2629 1034 2676 de
1086 2643 1177 2676 nos
1230 2637 1394 2687 actes,
1448 2630 1516 2675 du
1567 2637 1882 2676 mouvement
1933 2636 1982 2675 et
2029 2628 2092 2675 de

105 2707 395 2757 l’attention
436 2707 745 2757 volontairet
793 2705 1033 2771 (Men-ier
1067 2708 1099 2756 1.
1140 2723 1183 2757 c.
1223 2725 1272 2772 p.
1311 2705 1460 2770 435).

234 2786 251 2817 ¹
290 2789 377 2836 De
416 2787 755 2837 alucinatione
792 2796 841 2835 et
876 2786 1108 2835 illusione
1146 2788 1260 2836 vide
1297 2788 1396 2836 vol.
1436 2788 1474 2847 1,
1523 2798 1635 2849 137.

231 2866 254 2899 ²
292 2870 450 2917 Pescla
488 2868 521 2916 1.
564 2884 607 2917 c.
647 2884 697 2931 p.
740 2868 857 2930 383.
1351 2855 1362 2868 ’

231 2947 253 2979 ⁸
299 2949 562 2997 «Pendant
599 2948 646 2996 le
684 2948 939 3007 sommeil,
992 2946 1272 2997 l'attention
1312 2964 1450 2997 cesse
1490 2947 1647 2997 d’etre
1687 2947 1880 3011 dirigee
1917 2963 2008 3010 par
2047 2947 2094 2994 la

112 3030 317 3077 volente
356 3029 503 3087 libre,
544 3029 617 3077 les
656 3028 846 3093 images
885 3038 934 3076 et
973 3028 1047 3077 les
1084 3028 1222 3077 idees
1260 3044 1324 3076 ne
1354 3036 1470 3076 sont
1496 3029 1629 3077 donc
1655 3028 1770 3091 plus
1803 3027 2093 3075 combinees

114 3126 173 3157 en
212 3126 311 3157 vue
352 3108 507 3157 d'une
545 3108 613 3156 fin
652 3108 967 3167 rationnelle‚
988 3109 1130 3157 mais
1166 3107 1463 3157 s’associent
1502 3124 1562 3155 au
1602 3106 1691 3171 gre
1730 3109 1794 3155 de
1821 3122 1997 3155 causes
2025 3107 2093 3154 in-

114 3190 467 3254 dependantes
522 3190 586 3237 de
638 3188 686 3236 la
735 3189 955 3237 volonte.
1032 3188 1109 3235 En
1161 3196 1334 3249 outre,
1387 3187 1752 3253 l’imagination
1805 3195 1854 3235 et
1905 3185 2094 3251 l'esprit

115 3278 391 3335 manquent
431 3271 499 3318 du
539 3268 774 3318 correctis
804 3269 868 3317 de
905 3270 955 3317 la
991 3270 1304 3333 perception.
1359 3267 1494 3317 C'est
1532 3269 1579 3315 le
1616 3268 1774 3332 regne
1810 3268 1948 3315 dela
1977 3282 2093 3316 con-

118 3350 327 3413 ception
365 3366 483 3398 sans
521 3349 769 3397 direction
806 3358 857 3398 et
892 3364 1011 3397 sans
1062 3348 1306 3397 controle.
1383 3347 1522 3396 C’est
1574 3348 1621 3395 le
1671 3345 1809 3396 reive»
1857 3344 2098 3410 (Mercier

122 3429 153 3478 1.
193 3446 237 3479 c.
277 3448 333 3495 p.
371 3427 525 3493 436).
668 3428 690 3457 4
725 3430 943 3479 Boedder
978 3428 1011 3476 l.
1052 3444 1094 3477 c.
1134 3445 1184 3491 p.
1228 3428 1348 3477 282.
