2367 3850
286 229 391 284 352
888 231 1123 268 ΣΤΗῙΟΔ.
1178 231 1320 268 PARS
1357 230 1664 268 spumans·

400 381 455 436 Ξ.
512 380 719 436 Poena
756 379 971 454 capitis
1006 381 1336 455 innpzbnter
1385 381 1693 448 statudur,
1751 397 1886 438 cum
1939 396 2044 454 per
2093 380 2239 437 occi·

278 466 511 526 sionem
550 468 957 542 delinquentis
996 467 1342 526 emendatio
1385 467 1646 526 obtineri
1683 485 1812 526 non
1853 467 2048 542 possit.

398 584 455 639 3.
498 565 705 623 Poena
744 564 957 640 capitis
996 566 1214 622 iniusta
1252 572 1352 633 est,
1395 583 1534 623 cum
1571 584 1702 624 non
1729 566 1908 624 liceat
1931 565 2244 637 hominem,

276 654 381 728 qui
408 665 499 712 est
538 654 673 712 finis
706 654 991 724 omnium,
1034 653 1324 712 adhibere
1363 665 1672 730 tamquam
1711 655 1994 714 medium.
2047 657 2250 713 Poena

276 760 423 801 vero
478 743 689 818 capitis
744 742 971 801 inflicta
1022 753 1331 818 tamquam
1383 744 1650 802 medium
1699 745 2014 803 adhibetur
2047 744 2246 816 home,

276 831 327 890 si
368 831 613 906 quidem
652 831 947 890 occiditur
984 841 1234 908 propter
1273 833 1500 891 bonum
1541 851 1882 892 commune.

398 931 627 989 Contra
666 949 821 1006 quos
861 929 1280 990 contendimus
1319 929 1441 988 hoc
1480 930 1570 988 ius
1609 929 1880 990 societati
1923 930 2074 990 civili
2135 949 2251 988 om-

274 1019 425 1078 nino
466 1030 845 1095 competere:
890 1020 1047 1094 quia,
1615 1015 1618 1018 ’

406 1139 453 1176 1.
500 1119 967 1192 Nonnumquam
994 1117 1398 1176 necessarium
1427 1117 1542 1175 erit
1571 1117 1731 1176 hanc
1757 1135 2022 1193 poenam
2049 1135 2254 1176 revera

278 1205 467 1281 infligi
482 1253 498 1279 ,
558 1217 623 1265 ut
663 1207 975 1282 efficaciter
1012 1207 1268 1265 societas
1308 1225 1372 1265 se
1413 1206 1566 1265 tueri
1606 1207 1795 1282 possit
1835 1218 2048 1265 contra
2097 1208 2257 1266 nefa-

280 1297 499 1354 riorum
540 1295 853 1354 hominum
894 1296 1327 1371 aggressiones.
1419 1295 1594 1354 «Vita
1653 1295 2036 1370 quorundam
2086 1297 2256 1371 pesti-

280 1385 543 1443 ferorum
582 1385 837 1462 impedit
876 1386 1103 1444 bonum
1158 1402 1478 1444 commune
1493 1430 1510 1456 ,
1565 1385 1734 1460 quod
1787 1397 1878 1444 est
1933 1385 2256 1444 concordia

278 1473 575 1533 societatis
630 1474 944 1533 humanae.
1032 1472 1434 1532 Subtrahendi
1493 1473 1672 1549 igitur
1729 1485 1865 1532 sunt
1923 1474 2255 1534 huiusmodi

280 1561 557 1622 homines
598 1581 710 1638 per
748 1575 1005 1622 mortem
1047 1562 1126 1622 ab
1167 1563 1478 1622 hominum
1519 1561 1862 1622 societate.»
1895 1564 1913 1596 ¹

403 1681 455 1718 2.
500 1661 747 1736 Saepius
792 1660 963 1719 huius
1016 1679 1255 1736 poenae
1311 1660 1700 1720 comminatio
1753 1662 2098 1721 necessaria
2151 1671 2251 1732 est,

278 1758 343 1806 ut
382 1767 421 1806 a
460 1749 805 1809 criminibus
848 1750 1154 1826 patrandis
1196 1749 1335 1808 satis
1377 1750 1702 1809 efficaciter
1729 1751 2134 1826 impediantur
2157 1751 2254 1810 ho-

282 1838 475 1897 mines
490 1886 505 1910 ,
562 1839 664 1915 qui
718 1840 967 1898 aliarum
1021 1858 1353 1916 poenarum
1407 1850 1572 1899 metu
1626 1858 1754 1899 non
1799 1841 2251 1900 retraherentur.

288 1931 503 1987 <Latro
546 1930 953 2005 suspenditur,
994 1947 1118 1988 non
1160 1940 1224 1987 ut
1263 1929 1391 2005 ipse
1433 1930 1820 2003 emendetur,
1861 1932 1971 1990 sed
2009 1942 2256 2007 propter

282 2018 449 2089 alios,
489 2030 553 2077 ut
591 2022 799 2079 saltem
841 2030 1003 2079 metu
1043 2036 1279 2095 poenae
1319 2037 1579 2095 peccare
1620 2020 1961 2079 desistant.»
1991 2020 2013 2053 ²

402 2117 689 2176 Rationes
730 2136 875 2177 vero
916 2117 1390 2177 adversariorum
1426 2117 1572 2176 nihil
1599 2120 1817 2177 valent.
1877 2116 2261 2193 Experientia

282 2206 441 2263 enim
504 2207 719 2265 scimus
776 2206 1052 2265 homines
1068 2253 1083 2279 ,
1157 2206 1208 2265 si
1267 2207 1344 2266 de
1404 2206 1548 2282 ipsis
1605 2206 1882 2267 universe
1940 2206 2259 2282 loquimur,

280 2306 536 2354 mortem
577 2298 763 2372 magis
819 2296 1029 2355 timere
1077 2313 1257 2371 quam
1303 2306 1657 2371 perpetuam
1701 2296 2258 2355 incarcerationem.

281 2384 497 2460 Neque
541 2386 870 2444 auctoritati
923 2384 1206 2461 politicae
1261 2386 1687 2445 nonnullorum
1741 2384 2052 2445 hominum
2107 2386 2258 2443 ratio

282 2484 369 2532 est
408 2473 712 2545 habenda,
758 2474 859 2551 qui
902 2485 1255 2551 perpetuam
1295 2474 1836 2535 incarcerationem
1877 2474 2064 2551 magis
2105 2476 2257 2534 forte

280 2562 574 2621 timerent.
659 2565 836 2622 Tales
879 2563 1041 2622 enim
1082 2563 1362 2623 homines
1402 2575 1537 2623 sunt
1575 2564 1934 2641 paucissimi,
1977 2566 2073 2623 lex
2111 2582 2256 2623 vero

281 2670 354 2710 ea
396 2651 653 2727 respicit,
698 2669 850 2727 quae
894 2654 1293 2713 communiter
1333 2655 1495 2713 fiunt.

402 2750 586 2823 Quod
614 2750 834 2810 deinde
864 2753 941 2810 de
970 2753 1056 2811 rei
1086 2752 1510 2811 emendatione
1540 2753 1867 2827 proferunt,
1905 2752 2024 2810 hoc
2051 2750 2253 2811 leviter

283 2839 607 2898 iudicatum
652 2851 769 2912 est,
827 2860 963 2899 cum
1005 2858 1244 2917 poenae
1285 2841 1564 2916 publicae
1604 2840 1738 2900 finis
1776 2839 2090 2917 primarius
2129 2858 2252 2898 non

282 2930 355 2987 sit
384 2930 728 2989 emendatio
771 2929 1190 3005 delinquentiS,
1236 2930 1345 2989 sed
1385 2931 1612 2989 bonum
1643 2946 1962 2989 commune
1991 2929 2249 2989 civitatis.

280 3018 497 3094 Neque
541 3020 737 3078 omnis
776 3038 1006 3095 poena,
1069 3029 1132 3077 ut
1172 3019 1478 3095 sapienter
1517 3020 1592 3078 sit
1632 3029 1880 3091 statuta,
1944 3020 2024 3078 ad
2077 3020 2252 3077 delin-

282 3110 517 3183 quentis
559 3108 1042 3168 emendationem
1086 3109 1424 3167 necessario
1467 3109 1806 3168 ordinanda
1848 3117 1954 3166 est.

408 3332 423 3363 ¹
462 3336 512 3383 S.
562 3338 749 3395 Thom„
791 3338 848 3386 C.
889 3348 1025 3403 gent.
1065 3337 1099 3387 l.
1139 3337 1232 3399 ΙΙΙ,
1274 3354 1317 3387 c.
1365 3338 1481 3399 146.

405 3410 427 3441 ²
464 3415 514 3460 S.
564 3414 751 3474 Thom„
794 3416 841 3464 S.
882 3417 1035 3466 theol.
1075 3418 1115 3477 1,
1156 3418 1224 3477 11,
1265 3434 1312 3482 q.
1356 3418 1441 3479 87,
1483 3436 1528 3469 a.
1570 3432 1600 3483 3
1641 3420 1705 3467 ad
1744 3431 1792 3467 2.
