2367 3850
928 45 950 82 1

693 233 770 268 DE
809 231 1043 268 NATURA
1083 230 1490 268 MORALITATIS.
1978 229 2073 278 271

113 378 225 435 Sub
277 396 404 453 quo
459 389 735 454 respectu
789 379 1064 456 specialis
1122 379 1422 454 quaedam
1483 380 1543 436 in
1599 377 1731 455 ipso
1790 395 2083 455 apparere

110 477 304 540 potest
360 468 616 527 bonitas,
702 471 792 526 Ex
846 487 921 527 eo
977 469 1138 527 enim
1156 515 1170 540 ,
1233 468 1399 544 quod
1455 469 1715 526 entitates
1766 485 1953 524 omnes
1999 469 2092 526 vel

103 555 478 630 perfectiones
515 558 698 626 habet,
740 576 886 633 quas
922 558 1131 614 habere
1167 557 1340 626 debet,
1388 564 1457 614 ut
1491 559 1569 614 sit
1594 564 1751 614 actus
1776 557 2085 614 voluntatis

111 644 408 702 deliberate
458 653 516 703 et
563 647 734 704 libere
774 647 996 722 positus
1010 692 1024 718 ,
1083 645 1267 705 oritur
1310 645 1731 704 convenientia
1785 646 2081 721 quaedam

113 751 242 790 cum
286 735 572 811 appetitu,
617 753 772 809 quae
815 734 1030 793 dicitur
1071 734 1198 794 eius
1238 735 1459 794 bonitas
1492 734 1739 810 physica.

225 823 492 881 Bonitati
546 824 629 881 illi
683 825 967 900 physicae
1025 824 1283 900 proinde
1344 823 1613 881 officiunt
1671 839 2085 898 quaecumque

114 910 560 970 deliberationem
602 922 662 971 et
700 913 1016 971 libertatem
1073 913 1437 989 impediunt,
1495 911 1694 986 qualia
1746 921 1881 970 sunt
1922 911 2086 987 igno-

114 1001 302 1058 rantia
342 1011 402 1059 et
443 1000 909 1074 inadvertentia‚
953 1000 1472 1077 concupiscentia,
1518 1011 1737 1071 metuS,
1780 999 2083 1058 violentia.

115 1089 294 1147 Unde
334 1092 426 1161 fit,
486 1098 552 1147 ut
593 1100 757 1148 actus
797 1088 1042 1148 humani
1083 1091 1315 1166 possint
1356 1107 1486 1148 esse
1528 1090 1626 1148 alii
1668 1089 1797 1147 aliis
1839 1089 2084 1165 physice

115 1178 299 1253 magis
329 1177 598 1237 minusve
626 1179 789 1250 boni,
833 1179 1017 1236 immo
1046 1179 1278 1254 possint
1313 1187 1476 1237 recte
1505 1177 1624 1236 dici
1652 1177 1898 1254 physice
1927 1177 2082 1236 mali.

235 1264 305 1326 2.‘
333 1267 456 1326 Sed
498 1277 663 1325 actus
701 1268 992 1326 humanus
1020 1267 1266 1344 physice
1295 1267 1389 1326 vel
1420 1265 1881 1342 perfectissimus
1909 1267 2082 1325 aliam

119 1354 290 1414 etiam
329 1357 643 1431 acquirere
685 1365 883 1431 potest
911 1349 1383 1434 perfectionem,
1429 1373 1503 1415 ex
1544 1373 1663 1431 qua
1704 1357 1888 1414 oritur
1928 1374 2087 1414 nova

118 1445 406 1517 quaedam
468 1463 605 1504 cum
659 1445 925 1521 appetitu
979 1445 1399 1505 convenientia
1415 1490 1429 1516 ‚
1492 1463 1646 1520 quae
1706 1443 1921 1502 dicitur
1962 1445 2085 1504 eius

121 1533 330 1592 bonitas
387 1536 639 1592 moralis.
743 1534 917 1607 Quae
975 1535 1268 1611 perfectio
1330 1534 1597 1592 consistit
1655 1533 1717 1590 in
1777 1541 1923 1591 recto
1980 1553 2086 1591 usu

119 1622 386 1680 libertatis
413 1624 446 1680 ¹.
505 1625 706 1681 Potest
746 1623 1003 1699 proinde
1035 1623 1178 1695 fieri,
1225 1632 1287 1682 ut
1315 1633 1480 1680 actus
1507 1624 1798 1680 humanus
1841 1623 2086 1698 physice

120 1710 318 1783 boum,
363 1711 549 1769 immo
593 1711 866 1787 optimUS,
907 1713 1212 1771 moraliter
1240 1711 1313 1770 sit
1341 1712 1544 1784 malm,
1588 1711 1833 1786 quando
1861 1712 2087 1769 scilicet

122 1798 293 1858 homo
334 1811 472 1876 post
512 1801 843 1876 perfectam
871 1801 1365 1860 deliberationem
1408 1800 1535 1858 sine
1577 1801 1695 1858 ulla
1733 1800 2087 1858 determina-

121 1886 291 1963 tione,
323 1889 432 1949 sed
459 1889 780 1963 liberrime,
811 1890 932 1965 agit
951 1899 1161 1950 contra
1179 1889 1537 1965 exigentiam
1558 1890 1798 1964 regulae
1826 1889 2083 1949 moralis,

230 1980 569 2057 Proprietas
609 1996 756 2037 vero
799 1990 1032 2037 actuum
1075 1979 1488 2049 humanorum,
1530 1979 1859 2038 secundum
1904 1997 2081 2053 quam

120 2067 206 2124 vel
246 2068 394 2126 recti
437 2063 765 2143 (moraliter
805 2063 1004 2143 boni),
1064 2070 1159 2126 vel
1203 2085 1325 2126 non
1368 2067 1514 2126 recti
1557 2063 1881 2143 (moraliter
1921 2062 2082 2142 mali)

123 2166 444 2229 censentur,
491 2156 707 2215 dicitur
746 2157 1073 2232 generatim
1116 2174 1323 2215 eorum
1378 2157 1690 2215 moralitas.
1775 2158 1882 2215 Est
1923 2156 2082 2214 enim

123 2246 411 2304 moralitas
452 2263 571 2303 vox
615 2245 899 2320 generica
939 2245 1249 2304 notionem
1290 2246 1684 2304 universalem
1727 2244 2081 2320 exprimens,

124 2325 264 2405 quae
293 2334 382 2392 ad'
402 2332 735 2392 bonitatem
765 2342 824 2393 et
851 2335 931 2393 ad
957 2334 1261 2406 malitiam,
1305 2334 1488 2393 immo
1518 2333 1596 2392 ad
1623 2333 2083 2392 indifferentiam

122 2425 397 2489 moralem
441 2440 573 2482 sese
615 2424 897 2482 extendit.

227 2514 358 2570 Iam
401 2530 546 2571 vero
587 2513 1014 2588 proprietatem
1055 2510 1217 2569 illam
1260 2511 1323 2569 in
1352 2512 1651 2583 ‚relatione
1706 2520 1942 2569 actuum
1984 2510 2084 2567 hu-

121 2618 425 2659 manorum
467 2601 547 2659 ad
589 2602 770 2659 finem
812 2600 1081 2659 ultimum
1123 2601 1384 2658 hominis
1441 2600 1677 2658 fundari
1731 2617 1805 2658 ex
1846 2599 1915 2657 iis
1956 2616 2084 2674 per-

123 2689 380 2762 spicuum
423 2699 542 2760 est,
599 2706 753 2765 quae
795 2689 974 2765 sup'ra
1014 2689 1092 2748 de
1135 2688 1503 2747 beatitudine
1552 2688 1786 2747 formali
1827 2687 2084 2746 hominis

123 2770 190 2852 (p.
240 2774 376 2853 144)
421 2787 484 2837 et
524 2778 603 2836 de
645 2777 890 2853 speciali
933 2777 1058 2836 eius
1115 2777 1446 2837 directione
1491 2778 1553 2835 in
1594 2779 1774 2835 finem
1816 2770 2083 2834 ultimum

122 2860 192 2940 (p.
239 2862 377 2943 25‘7)
422 2859 694 2930 diximus,
818 2878 822 2885 '

227 2958 311 3015 Ut·
370 2962 572 3030 autem
627 2954 688 3012 in
744 2973 808 3014 re
857 2955 1006 3013 tanti
1051 2955 1343 3014 momenti
1399 2956 1736 3031 praecipuis
1794 2974 1948 3031 quae
2006 2956 2083 3013 de

122 3055 318 3103 natura
359 3044 708 3103 moralitatis
749 3044 1118 3119 excogitatae
1163 3056 1297 3103 sunt
1339 3044 1497 3103 falsis
1540 3043 1847 3103 sententiis
1884 3062 2083 3102 occur·

125 3152 336 3207 ramus,
409 3133 668 3209 primum
726 3134 1028 3209 duplicem
1095 3134 1196 3191 hic
1259 3133 1673 3208 quaestionem
1733 3134 2083 3192 solvendam

125 3223 480 3299 suscipimus
564 3222 886 3296 Quaeritur
926 3222 1118 3281 enim:

237 3410 251 3440 ¹
289 3412 369 3460 Cf.
410 3426 563 3475 supra
598 3428 664 3476 p.·
691 3374 812 3473 267.
