<?xml version="1.0" encoding="UTF-8"?>
<!DOCTYPE html PUBLIC "-//W3C//DTD XHTML 1.0 Transitional//EN"
    "http://www.w3.org/TR/xhtml1/DTD/xhtml1-transitional.dtd">
<html xmlns="http://www.w3.org/1999/xhtml" xml:lang="en" lang="en">
 <head>
  <title>
</title>
<meta http-equiv="Content-Type" content="text/html;charset=utf-8" />
  <meta name='ocr-system' content='tesseract 3.04.00' />
  <meta name='ocr-capabilities' content='ocr_page ocr_carea ocr_par ocr_line ocrx_word'/>
</head>
<body>
  <div class='ocr_page' id='page_1' title='image "./elementaphiloso01reingoog_0084.png"; bbox 0 0 2367 3850; ppageno 0'>
   <div class='ocr_carea' id='block_1_1' title="bbox 294 204 1822 266">
    <p class='ocr_par' dir='ltr' id='par_1_1' title="bbox 294 204 1822 266">
     <span class='ocr_line' id='line_1_1' title="bbox 294 204 1822 266; baseline 0 -14"><span class='ocrx_word' id='word_1_1' title='bbox 294 204 359 266; x_wconf 82' lang='grc'><strong>58</strong></span> <span class='ocrx_word' id='word_1_2' title='bbox 733 216 1234 252; x_wconf 80' lang='lat' dir='ltr'><strong>ANTHROPOLOGIA.</strong></span> <span class='ocrx_word' id='word_1_3' title='bbox 1302 216 1437 252; x_wconf 85' lang='lat' dir='ltr'>PARS</span> <span class='ocrx_word' id='word_1_4' title='bbox 1477 216 1822 252; x_wconf 80' lang='lat' dir='ltr'><strong>ANALYTICA.</strong></span> 
     </span>
    </p>
   </div>
   <div class='ocr_carea' id='block_1_2' title="bbox 287 366 2261 502">
    <p class='ocr_par' dir='ltr' id='par_1_2' title="bbox 287 366 2261 502">
     <span class='ocr_line' id='line_1_2' title="bbox 412 366 2261 436; baseline 0.001 -16"><span class='ocrx_word' id='word_1_5' title='bbox 412 366 454 420; x_wconf 90' lang='grc' dir='ltr'><strong>Ι.</strong></span> <span class='ocrx_word' id='word_1_6' title='bbox 525 372 826 424; x_wconf 85' lang='lat' dir='ltr'><strong>obiectum</strong></span> <span class='ocrx_word' id='word_1_7' title='bbox 888 372 1164 435; x_wconf 84' lang='lat' dir='ltr'><strong>simplicis</strong></span> <span class='ocrx_word' id='word_1_8' title='bbox 1229 373 1697 436; x_wconf 78' lang='lat' dir='ltr'>apprehensionis</span> <span class='ocrx_word' id='word_1_9' title='bbox 1770 373 2105 436; x_wconf 85' lang='lat' dir='ltr'><strong>simpliciter</strong></span> <span class='ocrx_word' id='word_1_10' title='bbox 2175 374 2261 421; x_wconf 88' lang='lat' dir='ltr'><strong>de-</strong></span> 
     </span>
     <span class='ocr_line' id='line_1_3' title="bbox 287 454 540 502; baseline 0 0"><span class='ocrx_word' id='word_1_11' title='bbox 287 454 540 502; x_wconf 71' lang='lat' dir='ltr'><strong>elas-anu.</strong></span> 
     </span>
    </p>
   </div>
   <div class='ocr_carea' id='block_1_3' title="bbox 287 550 2265 1520">
    <p class='ocr_par' dir='ltr' id='par_1_3' title="bbox 287 550 2265 1520">
     <span class='ocr_line' id='line_1_4' title="bbox 417 550 2264 626; baseline 0 -18"><span class='ocrx_word' id='word_1_12' title='bbox 417 571 464 608; x_wconf 92' lang='lat'><strong>1.</strong></span> <span class='ocrx_word' id='word_1_13' title='bbox 523 552 592 608; x_wconf 89' lang='lat' dir='ltr'><strong>In</strong></span> <span class='ocrx_word' id='word_1_14' title='bbox 650 551 826 609; x_wconf 90' lang='lat' dir='ltr'><strong>rebus</strong></span> <span class='ocrx_word' id='word_1_15' title='bbox 882 560 1045 608; x_wconf 90' lang='lat' dir='ltr'><strong>extra</strong></span> <span class='ocrx_word' id='word_1_16' title='bbox 1099 569 1211 609; x_wconf 88' lang='lat' dir='ltr'><strong>nos</strong></span> <span class='ocrx_word' id='word_1_17' title='bbox 1258 550 1669 610; x_wconf 84' lang='lat' dir='ltr'><strong>exsistentibus</strong></span> <span class='ocrx_word' id='word_1_18' title='bbox 1723 570 1850 609; x_wconf 90' lang='lat' dir='ltr'><strong>non</strong></span> <span class='ocrx_word' id='word_1_19' title='bbox 1906 553 2101 610; x_wconf 88' lang='lat' dir='ltr'><strong>solum</strong></span> <span class='ocrx_word' id='word_1_20' title='bbox 2145 570 2264 626; x_wconf 91' lang='lat' dir='ltr'><strong>per·</strong></span> 
     </span>
     <span class='ocr_line' id='line_1_5' title="bbox 288 639 2261 716; baseline -0.001 -18"><span class='ocrx_word' id='word_1_21' title='bbox 288 639 537 715; x_wconf 87' lang='lat' dir='ltr'><strong>cipimus</strong></span> <span class='ocrx_word' id='word_1_22' title='bbox 582 640 892 713; x_wconf 90' lang='lat' dir='ltr'><strong>qualitates</strong></span> <span class='ocrx_word' id='word_1_23' title='bbox 935 641 1296 715; x_wconf 80' lang='lat' dir='ltr'><strong>corporaleS,</strong></span> <span class='ocrx_word' id='word_1_24' title='bbox 1347 659 1465 714; x_wconf 90' lang='lat' dir='ltr'><strong>qua</strong></span> <span class='ocrx_word' id='word_1_25' title='bbox 1494 650 1629 699; x_wconf 88' lang='lat' dir='ltr'><strong>sunt</strong></span> <span class='ocrx_word' id='word_1_26' title='bbox 1668 641 1810 697; x_wconf 88' lang='lat' dir='ltr'><strong>tales</strong></span> <span class='ocrx_word' id='word_1_27' title='bbox 1850 640 2261 716; x_wconf 58' lang='lat' dir='ltr'><strong>proprietates</strong></span> 
     </span>
     <span class='ocr_line' id='line_1_6' title="bbox 288 729 2265 804; baseline -0.001 -17"><span class='ocrx_word' id='word_1_28' title='bbox 288 739 600 788; x_wconf 90' lang='lat' dir='ltr'><strong>concretas</strong></span> <span class='ocrx_word' id='word_1_29' title='bbox 643 740 702 787; x_wconf 93' lang='lat' dir='ltr'><strong>et</strong></span> <span class='ocrx_word' id='word_1_30' title='bbox 742 729 1102 799; x_wconf 83' lang='lat' dir='ltr'><strong>materiales,</strong></span> <span class='ocrx_word' id='word_1_31' title='bbox 1148 739 1211 787; x_wconf 91' lang='lat' dir='ltr'><strong>ut</strong></span> <span class='ocrx_word' id='word_1_32' title='bbox 1254 730 1429 788; x_wconf 91' lang='lat' dir='ltr'><strong>talem</strong></span> <span class='ocrx_word' id='word_1_33' title='bbox 1476 730 1774 802; x_wconf 92' lang='lat' dir='ltr'><strong>colorem,</strong></span> <span class='ocrx_word' id='word_1_34' title='bbox 1820 731 2001 788; x_wconf 87' lang='lat' dir='ltr'><strong>talem</strong></span> <span class='ocrx_word' id='word_1_35' title='bbox 2042 729 2265 804; x_wconf 89' lang='lat' dir='ltr'><strong>magni-</strong></span> 
     </span>
     <span class='ocr_line' id='line_1_7' title="bbox 289 818 2262 895; baseline -0.001 -18"><span class='ocrx_word' id='word_1_36' title='bbox 289 818 556 877; x_wconf 89' lang='lat' dir='ltr'><strong>tudinem</strong></span> <span class='ocrx_word' id='word_1_37' title='bbox 610 818 822 877; x_wconf 87' lang='lat' dir='ltr'><strong>talibus</strong></span> <span class='ocrx_word' id='word_1_38' title='bbox 864 818 1241 894; x_wconf 89' lang='lat' dir='ltr'><strong>qualitatibus</strong></span> <span class='ocrx_word' id='word_1_39' title='bbox 1296 818 1671 878; x_wconf 89' lang='lat' dir='ltr'><strong>sensibilibus</strong></span> <span class='ocrx_word' id='word_1_40' title='bbox 1720 830 2072 895; x_wconf 87' lang='lat' dir='ltr'><strong>perceptam</strong></span> <span class='ocrx_word' id='word_1_41' title='bbox 2090 865 2103 890; x_wconf 99' lang='lat'><strong>,</strong></span> <span class='ocrx_word' id='word_1_42' title='bbox 2166 819 2262 877; x_wconf 90' lang='lat' dir='ltr'><strong>sed</strong></span> 
     </span>
     <span class='ocr_line' id='line_1_8' title="bbox 287 908 2263 985; baseline 0 -20"><span class='ocrx_word' id='word_1_43' title='bbox 287 909 468 985; x_wconf 83' lang='lat' dir='ltr'><strong>ipsam</strong></span> <span class='ocrx_word' id='word_1_44' title='bbox 521 910 797 966; x_wconf 78' lang='lat' dir='ltr'><strong>rationem</strong></span> <span class='ocrx_word' id='word_1_45' title='bbox 851 909 945 966; x_wconf 84' lang='lat' dir='ltr'><strong>vel</strong></span> <span class='ocrx_word' id='word_1_46' title='bbox 991 909 1354 982; x_wconf 72' lang='lat' dir='ltr'><strong>quidditatem</strong></span> <span class='ocrx_word' id='word_1_47' title='bbox 1415 909 1633 967; x_wconf 89' lang='lat' dir='ltr'><strong>coloris</strong></span> <span class='ocrx_word' id='word_1_48' title='bbox 1693 919 1751 967; x_wconf 92' lang='lat' dir='ltr'><strong>et</strong></span> <span class='ocrx_word' id='word_1_49' title='bbox 1805 908 2263 984; x_wconf 83' lang='lat' dir='ltr'><strong>magnitudinis;</strong></span> 
     </span>
     <span class='ocr_line' id='line_1_9' title="bbox 289 997 2265 1074; baseline -0.001 -20"><span class='ocrx_word' id='word_1_50' title='bbox 289 1015 412 1056; x_wconf 90' lang='lat' dir='ltr'><strong>non</strong></span> <span class='ocrx_word' id='word_1_51' title='bbox 473 999 665 1056; x_wconf 90' lang='lat' dir='ltr'><strong>solum</strong></span> <span class='ocrx_word' id='word_1_52' title='bbox 724 1000 904 1056; x_wconf 91' lang='lat' dir='ltr'><strong>talem</strong></span> <span class='ocrx_word' id='word_1_53' title='bbox 965 997 1251 1060; x_wconf 90' lang='lat' dir='ltr'><strong>circulum</strong></span> <span class='ocrx_word' id='word_1_54' title='bbox 1305 1014 1356 1055; x_wconf 89' lang='lat' dir='ltr'><strong>e.</strong></span> <span class='ocrx_word' id='word_1_55' title='bbox 1414 1017 1469 1072; x_wconf 92' lang='lat' dir='ltr'><strong>g.</strong></span> <span class='ocrx_word' id='word_1_56' title='bbox 1534 997 1745 1057; x_wconf 90' lang='lat' dir='ltr'><strong>talibus</strong></span> <span class='ocrx_word' id='word_1_57' title='bbox 1806 997 2265 1074; x_wconf 88' lang='lat' dir='ltr'><strong>proprietatibus</strong></span> 
     </span>
     <span class='ocr_line' id='line_1_10' title="bbox 288 1085 2264 1163; baseline -0.001 -19"><span class='ocrx_word' id='word_1_58' title='bbox 288 1087 698 1162; x_wconf 85' lang='lat' dir='ltr'><strong>corporalibus</strong></span> <span class='ocrx_word' id='word_1_59' title='bbox 754 1086 1092 1146; x_wconf 89' lang='lat' dir='ltr'><strong>sensibilem</strong></span> <span class='ocrx_word' id='word_1_60' title='bbox 1136 1085 1527 1162; x_wconf 82' lang='lat' dir='ltr'><strong>percipimuS,</strong></span> <span class='ocrx_word' id='word_1_61' title='bbox 1591 1088 1697 1146; x_wconf 91' lang='lat' dir='ltr'><strong>sed</strong></span> <span class='ocrx_word' id='word_1_62' title='bbox 1739 1087 1931 1163; x_wconf 85' lang='lat' dir='ltr'><strong>ipsam</strong></span> <span class='ocrx_word' id='word_1_63' title='bbox 1973 1089 2264 1144; x_wconf 78' lang='lat' dir='ltr'><strong>essentiam</strong></span> 
     </span>
     <span class='ocr_line' id='line_1_11' title="bbox 289 1175 2263 1253; baseline 0 -19"><span class='ocrx_word' id='word_1_64' title='bbox 289 1176 493 1236; x_wconf 89' lang='lat' dir='ltr'><strong>circuli</strong></span> <span class='ocrx_word' id='word_1_65' title='bbox 535 1177 922 1253; x_wconf 90' lang='lat' dir='ltr'><strong>concipimus,</strong></span> <span class='ocrx_word' id='word_1_66' title='bbox 967 1175 1029 1234; x_wconf 91' lang='lat' dir='ltr'><strong>id</strong></span> <span class='ocrx_word' id='word_1_67' title='bbox 1071 1176 1297 1234; x_wconf 91' lang='lat' dir='ltr'><strong>scilicet</strong></span> <span class='ocrx_word' id='word_1_68' title='bbox 1339 1176 1503 1250; x_wconf 88' lang='lat' dir='ltr'><strong>quod</strong></span> <span class='ocrx_word' id='word_1_69' title='bbox 1532 1176 1875 1253; x_wconf 86' lang='lat' dir='ltr'><strong>exprimitur</strong></span> <span class='ocrx_word' id='word_1_70' title='bbox 1916 1176 2263 1236; x_wconf 86' lang='lat' dir='ltr'><strong>definitione</strong></span> 
     </span>
     <span class='ocr_line' id='line_1_12' title="bbox 289 1265 2265 1342; baseline -0.001 -18"><span class='ocrx_word' id='word_1_71' title='bbox 289 1266 492 1325; x_wconf 89' lang='lat' dir='ltr'><strong>circuli</strong></span> <span class='ocrx_word' id='word_1_72' title='bbox 547 1267 875 1342; x_wconf 87' lang='lat' dir='ltr'><strong>generatim</strong></span> <span class='ocrx_word' id='word_1_73' title='bbox 919 1265 1304 1336; x_wconf 89' lang='lat' dir='ltr'><strong>considerati,</strong></span> <span class='ocrx_word' id='word_1_74' title='bbox 1349 1266 1385 1325; x_wconf 88' lang='lat' dir='ltr'><strong>i.</strong></span> <span class='ocrx_word' id='word_1_75' title='bbox 1432 1284 1481 1324; x_wconf 90' lang='lat' dir='ltr'><strong>e.</strong></span> <span class='ocrx_word' id='word_1_76' title='bbox 1526 1266 1935 1324; x_wconf 89' lang='lat' dir='ltr'><strong>habitudinem</strong></span> <span class='ocrx_word' id='word_1_77' title='bbox 1978 1266 2136 1324; x_wconf 89' lang='lat' dir='ltr'><strong>inter</strong></span> <span class='ocrx_word' id='word_1_78' title='bbox 2180 1284 2265 1325; x_wconf 87' lang='lat' dir='ltr'><strong>ex·</strong></span> 
     </span>
     <span class='ocr_line' id='line_1_13' title="bbox 291 1355 2265 1429; baseline -0.001 -15"><span class='ocrx_word' id='word_1_79' title='bbox 291 1367 478 1414; x_wconf 89' lang='lat' dir='ltr'><strong>trema</strong></span> <span class='ocrx_word' id='word_1_80' title='bbox 520 1367 580 1414; x_wconf 89' lang='lat' dir='ltr'><strong>et</strong></span> <span class='ocrx_word' id='word_1_81' title='bbox 619 1357 834 1427; x_wconf 88' lang='lat' dir='ltr'><strong>media,</strong></span> <span class='ocrx_word' id='word_1_82' title='bbox 894 1357 1222 1414; x_wconf 89' lang='lat' dir='ltr'><strong>secundum</strong></span> <span class='ocrx_word' id='word_1_83' title='bbox 1266 1373 1446 1429; x_wconf 93' lang='lat' dir='ltr'><strong>quam</strong></span> <span class='ocrx_word' id='word_1_84' title='bbox 1488 1366 1753 1414; x_wconf 89' lang='lat' dir='ltr'><strong>extrema</strong></span> <span class='ocrx_word' id='word_1_85' title='bbox 1794 1355 2001 1414; x_wconf 91' lang='lat' dir='ltr'><strong>circuli</strong></span> <span class='ocrx_word' id='word_1_86' title='bbox 2044 1355 2265 1414; x_wconf 88' lang='lat' dir='ltr'><strong>debent</strong></span> 
     </span>
     <span class='ocr_line' id='line_1_14' title="bbox 290 1445 1253 1520; baseline 0.001 -18"><span class='ocrx_word' id='word_1_87' title='bbox 290 1445 618 1520; x_wconf 87' lang='lat' dir='ltr'><strong>aequaliter</strong></span> <span class='ocrx_word' id='word_1_88' title='bbox 660 1466 697 1504; x_wconf 90' lang='lat' dir='ltr'><strong>a</strong></span> <span class='ocrx_word' id='word_1_89' title='bbox 735 1445 937 1504; x_wconf 87' lang='lat' dir='ltr'><strong>medio</strong></span> <span class='ocrx_word' id='word_1_90' title='bbox 980 1446 1198 1504; x_wconf 89' lang='lat' dir='ltr'><strong>distare</strong></span> <span class='ocrx_word' id='word_1_91' title='bbox 1222 1447 1253 1503; x_wconf 93' lang='lat'><strong>¹.</strong></span> 
     </span>
    </p>
   </div>
   <div class='ocr_carea' id='block_1_4' title="bbox 289 1542 2267 2066">
    <p class='ocr_par' dir='ltr' id='par_1_4' title="bbox 289 1542 2267 2066">
     <span class='ocr_line' id='line_1_15' title="bbox 410 1542 2262 1618; baseline -0.002 -15"><span class='ocrx_word' id='word_1_92' title='bbox 410 1545 583 1618; x_wconf 84' lang='lat' dir='ltr'><strong>Quae</strong></span> <span class='ocrx_word' id='word_1_93' title='bbox 627 1544 870 1618; x_wconf 88' lang='lat' dir='ltr'><strong>quidem</strong></span> <span class='ocrx_word' id='word_1_94' title='bbox 914 1543 1199 1601; x_wconf 90' lang='lat' dir='ltr'><strong>habitudo</strong></span> <span class='ocrx_word' id='word_1_95' title='bbox 1242 1553 1650 1618; x_wconf 87' lang='lat' dir='ltr'><strong>praesentatur</strong></span> <span class='ocrx_word' id='word_1_96' title='bbox 1691 1543 1876 1602; x_wconf 92' lang='lat' dir='ltr'><strong>menti</strong></span> <span class='ocrx_word' id='word_1_97' title='bbox 1934 1555 1997 1602; x_wconf 92' lang='lat' dir='ltr'><strong>ut</strong></span> <span class='ocrx_word' id='word_1_98' title='bbox 2041 1542 2262 1618; x_wconf 87' lang='lat' dir='ltr'><strong>aliquid</strong></span> 
     </span>
     <span class='ocr_line' id='line_1_16' title="bbox 289 1632 2258 1710; baseline -0.001 -19"><span class='ocrx_word' id='word_1_99' title='bbox 289 1641 614 1710; x_wconf 81' lang='lat' dir='ltr'><strong>separatum</strong></span> <span class='ocrx_word' id='word_1_100' title='bbox 656 1653 693 1690; x_wconf 93' lang='lat' dir='ltr'><strong>a</strong></span> <span class='ocrx_word' id='word_1_101' title='bbox 720 1635 1037 1690; x_wconf 80' lang='lat' dir='ltr'><strong>mutatione.</strong></span> <span class='ocrx_word' id='word_1_102' title='bbox 1097 1632 1238 1689; x_wconf 90' lang='lat' dir='ltr'><strong>Non</strong></span> <span class='ocrx_word' id='word_1_103' title='bbox 1270 1632 1428 1691; x_wconf 89' lang='lat' dir='ltr'><strong>enim</strong></span> <span class='ocrx_word' id='word_1_104' title='bbox 1472 1643 1668 1707; x_wconf 91' lang='lat' dir='ltr'><strong>potest</strong></span> <span class='ocrx_word' id='word_1_105' title='bbox 1708 1632 1948 1709; x_wconf 89' lang='lat' dir='ltr'><strong>concipi</strong></span> <span class='ocrx_word' id='word_1_106' title='bbox 1991 1633 2258 1702; x_wconf 65' lang='lat' dir='ltr'><strong>circium,</strong></span> 
     </span>
     <span class='ocr_line' id='line_1_17' title="bbox 291 1720 2259 1797; baseline -0.002 -16"><span class='ocrx_word' id='word_1_107' title='bbox 291 1723 434 1797; x_wconf 91' lang='lat' dir='ltr'><strong>quin</strong></span> <span class='ocrx_word' id='word_1_108' title='bbox 464 1721 728 1796; x_wconf 90' lang='lat' dir='ltr'><strong>undique</strong></span> <span class='ocrx_word' id='word_1_109' title='bbox 758 1721 1020 1797; x_wconf 90' lang='lat' dir='ltr'><strong>aequalis</strong></span> <span class='ocrx_word' id='word_1_110' title='bbox 1048 1721 1122 1780; x_wconf 90' lang='lat' dir='ltr'><strong>sit</strong></span> <span class='ocrx_word' id='word_1_111' title='bbox 1149 1721 1427 1780; x_wconf 85' lang='lat' dir='ltr'><strong>distantia</strong></span> <span class='ocrx_word' id='word_1_112' title='bbox 1454 1722 1531 1780; x_wconf 91' lang='lat' dir='ltr'><strong>ab</strong></span> <span class='ocrx_word' id='word_1_113' title='bbox 1560 1720 1835 1780; x_wconf 87' lang='lat' dir='ltr'><strong>extremis</strong></span> <span class='ocrx_word' id='word_1_114' title='bbox 1854 1723 1952 1784; x_wconf 79' lang='lat' dir='ltr'><strong>,ad</strong></span> <span class='ocrx_word' id='word_1_115' title='bbox 1981 1721 2259 1782; x_wconf 90' lang='lat' dir='ltr'><strong>medium.</strong></span> 
     </span>
     <span class='ocr_line' id='line_1_18' title="bbox 291 1810 2262 1887; baseline 0 -18"><span class='ocrx_word' id='word_1_116' title='bbox 291 1815 440 1870; x_wconf 91' lang='lat' dir='ltr'><strong>Item</strong></span> <span class='ocrx_word' id='word_1_117' title='bbox 483 1820 892 1887; x_wconf 85' lang='lat' dir='ltr'><strong>praesentatur</strong></span> <span class='ocrx_word' id='word_1_118' title='bbox 946 1812 1098 1869; x_wconf 89' lang='lat' dir='ltr'><strong>haec</strong></span> <span class='ocrx_word' id='word_1_119' title='bbox 1153 1810 1439 1869; x_wconf 88' lang='lat' dir='ltr'><strong>habitudo</strong></span> <span class='ocrx_word' id='word_1_120' title='bbox 1496 1810 1682 1870; x_wconf 86' lang='lat' dir='ltr'><strong>menti</strong></span> <span class='ocrx_word' id='word_1_121' title='bbox 1730 1821 2038 1887; x_wconf 85' lang='lat' dir='ltr'><strong>tamquam</strong></span> <span class='ocrx_word' id='word_1_122' title='bbox 2094 1822 2262 1887; x_wconf 89' lang='lat' dir='ltr'><strong>typus</strong></span> 
     </span>
     <span class='ocr_line' id='line_1_19' title="bbox 289 1899 2267 1977; baseline -0.002 -17"><span class='ocrx_word' id='word_1_123' title='bbox 289 1912 348 1960; x_wconf 92' lang='lat' dir='ltr'><strong>et</strong></span> <span class='ocrx_word' id='word_1_124' title='bbox 389 1901 679 1977; x_wconf 84' lang='lat' dir='ltr'><strong>exemplar</strong></span> <span class='ocrx_word' id='word_1_125' title='bbox 731 1907 1049 1970; x_wconf 84' lang='lat' dir='ltr'><strong>aeternum,</strong></span> <span class='ocrx_word' id='word_1_126' title='bbox 1108 1899 1184 1959; x_wconf 89' lang='lat' dir='ltr'><strong>ad</strong></span> <span class='ocrx_word' id='word_1_127' title='bbox 1229 1899 1393 1975; x_wconf 91' lang='lat' dir='ltr'><strong>quod</strong></span> <span class='ocrx_word' id='word_1_128' title='bbox 1435 1917 1645 1959; x_wconf 89' lang='lat' dir='ltr'><strong>omnes</strong></span> <span class='ocrx_word' id='word_1_129' title='bbox 1699 1900 1903 1959; x_wconf 91' lang='lat' dir='ltr'><strong>circuli</strong></span> <span class='ocrx_word' id='word_1_130' title='bbox 1952 1900 2017 1959; x_wconf 88' lang='lat' dir='ltr'><strong>in</strong></span> <span class='ocrx_word' id='word_1_131' title='bbox 2058 1911 2267 1960; x_wconf 88' lang='lat' dir='ltr'><strong>natura</strong></span> 
     </span>
     <span class='ocr_line' id='line_1_20' title="bbox 291 1989 2265 2066; baseline -0.001 -17"><span class='ocrx_word' id='word_1_132' title='bbox 291 1990 669 2062; x_wconf 82' lang='lat' dir='ltr'><strong>exsistenteS,</strong></span> <span class='ocrx_word' id='word_1_133' title='bbox 727 1990 1148 2066; x_wconf 90' lang='lat' dir='ltr'><strong>cuiuscumque</strong></span> <span class='ocrx_word' id='word_1_134' title='bbox 1197 2000 1331 2048; x_wconf 89' lang='lat' dir='ltr'><strong>sunt</strong></span> <span class='ocrx_word' id='word_1_135' title='bbox 1371 1990 1655 2049; x_wconf 90' lang='lat' dir='ltr'><strong>materiae</strong></span> <span class='ocrx_word' id='word_1_136' title='bbox 1712 2000 1770 2049; x_wconf 93' lang='lat' dir='ltr'><strong>et</strong></span> <span class='ocrx_word' id='word_1_137' title='bbox 1824 1989 2265 2065; x_wconf 78' lang='lat' dir='ltr'><strong>magnitudiniS,</strong></span> 
     </span>
    </p>
   </div>
   <div class='ocr_carea' id='block_1_5' title="bbox 289 2074 2269 2155">
    <p class='ocr_par' dir='ltr' id='par_1_5' title="bbox 289 2074 2269 2155">
     <span class='ocr_line' id='line_1_21' title="bbox 289 2074 2269 2155; baseline -0.001 -17"><span class='ocrx_word' id='word_1_138' title='bbox 289 2081 666 2139; x_wconf 89' lang='lat' dir='ltr'><strong>reducuntur.</strong></span> <span class='ocrx_word' id='word_1_139' title='bbox 743 2074 834 2137; x_wconf 90' lang='lat' dir='ltr'><strong>Ad</strong></span> <span class='ocrx_word' id='word_1_140' title='bbox 877 2079 1035 2137; x_wconf 91' lang='lat' dir='ltr'><strong>hanc</strong></span> <span class='ocrx_word' id='word_1_141' title='bbox 1078 2078 1241 2137; x_wconf 91' lang='lat' dir='ltr'><strong>enim</strong></span> <span class='ocrx_word' id='word_1_142' title='bbox 1282 2078 1692 2139; x_wconf 87' lang='lat' dir='ltr'><strong>habitudinem</strong></span> <span class='ocrx_word' id='word_1_143' title='bbox 1722 2078 2113 2155; x_wconf 90' lang='lat' dir='ltr'><strong>respicientes</strong></span> <span class='ocrx_word' id='word_1_144' title='bbox 2141 2098 2269 2155; x_wconf 90' lang='lat' dir='ltr'><strong>per-</strong></span> 
     </span>
    </p>
   </div>
   <div class='ocr_carea' id='block_1_6' title="bbox 287 2168 2268 2424">
    <p class='ocr_par' dir='ltr' id='par_1_6' title="bbox 287 2168 2268 2424">
     <span class='ocr_line' id='line_1_22' title="bbox 289 2168 2268 2245; baseline -0.002 -17"><span class='ocrx_word' id='word_1_145' title='bbox 289 2170 539 2245; x_wconf 87' lang='lat' dir='ltr'><strong>cipimus</strong></span> <span class='ocrx_word' id='word_1_146' title='bbox 567 2188 639 2227; x_wconf 91' lang='lat' dir='ltr'><strong>ac</strong></span> <span class='ocrx_word' id='word_1_147' title='bbox 675 2169 1020 2240; x_wconf 82' lang='lat' dir='ltr'><strong>iudicamuS‚</strong></span> <span class='ocrx_word' id='word_1_148' title='bbox 1065 2169 1309 2244; x_wconf 90' lang='lat' dir='ltr'><strong>quinam</strong></span> <span class='ocrx_word' id='word_1_149' title='bbox 1352 2169 1468 2227; x_wconf 92' lang='lat' dir='ltr'><strong>sint</strong></span> <span class='ocrx_word' id='word_1_150' title='bbox 1505 2168 1709 2227; x_wconf 90' lang='lat' dir='ltr'><strong>circuli</strong></span> <span class='ocrx_word' id='word_1_151' title='bbox 1749 2169 2005 2244; x_wconf 76' lang='lat' dir='ltr'><strong>,perfecti</strong></span> <span class='ocrx_word' id='word_1_152' title='bbox 2046 2179 2107 2228; x_wconf 89' lang='lat' dir='ltr'><strong>et</strong></span> <span class='ocrx_word' id='word_1_153' title='bbox 2146 2168 2268 2243; x_wconf 89' lang='lat' dir='ltr'><strong>qui-</strong></span> 
     </span>
     <span class='ocr_line' id='line_1_23' title="bbox 288 2257 2268 2335; baseline -0.002 -18"><span class='ocrx_word' id='word_1_154' title='bbox 288 2278 426 2317; x_wconf 85' lang='lat' dir='ltr'><strong>nam</strong></span> <span class='ocrx_word' id='word_1_155' title='bbox 483 2258 848 2335; x_wconf 88' lang='lat' dir='ltr'><strong>imperfecti,</strong></span> <span class='ocrx_word' id='word_1_156' title='bbox 911 2258 1240 2321; x_wconf 90' lang='lat' dir='ltr'><strong>secundum</strong></span> <span class='ocrx_word' id='word_1_157' title='bbox 1298 2258 1779 2317; x_wconf 90' lang='lat' dir='ltr'><strong>conformitatem</strong></span> <span class='ocrx_word' id='word_1_158' title='bbox 1832 2260 1929 2317; x_wconf 89' lang='lat' dir='ltr'><strong>vel</strong></span> <span class='ocrx_word' id='word_1_159' title='bbox 1985 2257 2268 2317; x_wconf 86' lang='lat' dir='ltr'><strong>difformi-</strong></span> 
     </span>
     <span class='ocr_line' id='line_1_24' title="bbox 287 2347 1344 2424; baseline 0 -18"><span class='ocrx_word' id='word_1_160' title='bbox 287 2359 485 2419; x_wconf 88' lang='lat' dir='ltr'><strong>tatem,</strong></span> <span class='ocrx_word' id='word_1_161' title='bbox 531 2367 710 2424; x_wconf 91' lang='lat' dir='ltr'><strong>quam</strong></span> <span class='ocrx_word' id='word_1_162' title='bbox 752 2347 978 2405; x_wconf 89' lang='lat' dir='ltr'><strong>habent</strong></span> <span class='ocrx_word' id='word_1_163' title='bbox 1019 2366 1153 2405; x_wconf 92' lang='lat' dir='ltr'><strong>cum</strong></span> <span class='ocrx_word' id='word_1_164' title='bbox 1198 2347 1344 2423; x_wconf 89' lang='lat' dir='ltr'><strong>ipsa.</strong></span> 
     </span>
    </p>
   </div>
   <div class='ocr_carea' id='block_1_7' title="bbox 285 2444 2267 3063">
    <p class='ocr_par' dir='ltr' id='par_1_7' title="bbox 285 2444 2267 2966">
     <span class='ocr_line' id='line_1_25' title="bbox 410 2444 2267 2521; baseline 0 -19"><span class='ocrx_word' id='word_1_165' title='bbox 410 2465 462 2504; x_wconf 90' lang='lat'><strong>2.</strong></span> <span class='ocrx_word' id='word_1_166' title='bbox 519 2445 863 2515; x_wconf 88' lang='lat' dir='ltr'><strong>Praeterea,</strong></span> <span class='ocrx_word' id='word_1_167' title='bbox 924 2445 1066 2503; x_wconf 89' lang='lat' dir='ltr'><strong>item</strong></span> <span class='ocrx_word' id='word_1_168' title='bbox 1108 2444 1478 2521; x_wconf 86' lang='lat' dir='ltr'><strong>experientia</strong></span> <span class='ocrx_word' id='word_1_169' title='bbox 1519 2455 1685 2516; x_wconf 90' lang='lat' dir='ltr'><strong>teste,</strong></span> <span class='ocrx_word' id='word_1_170' title='bbox 1734 2458 1858 2503; x_wconf 89' lang='lat' dir='ltr'><strong>non</strong></span> <span class='ocrx_word' id='word_1_171' title='bbox 1902 2446 2095 2503; x_wconf 89' lang='lat' dir='ltr'><strong>solum</strong></span> <span class='ocrx_word' id='word_1_172' title='bbox 2138 2463 2267 2520; x_wconf 90' lang='lat' dir='ltr'><strong>per-</strong></span> 
     </span>
     <span class='ocr_line' id='line_1_26' title="bbox 287 2533 2266 2610; baseline 0 -19"><span class='ocrx_word' id='word_1_173' title='bbox 287 2534 537 2610; x_wconf 90' lang='lat' dir='ltr'><strong>cipimus</strong></span> <span class='ocrx_word' id='word_1_174' title='bbox 596 2533 987 2609; x_wconf 89' lang='lat' dir='ltr'><strong>quidditatem</strong></span> <span class='ocrx_word' id='word_1_175' title='bbox 1048 2535 1143 2592; x_wconf 89' lang='lat' dir='ltr'><strong>vel</strong></span> <span class='ocrx_word' id='word_1_176' title='bbox 1204 2534 1523 2593; x_wconf 88' lang='lat' dir='ltr'><strong>essentiam</strong></span> <span class='ocrx_word' id='word_1_177' title='bbox 1577 2554 1775 2593; x_wconf 91' lang='lat' dir='ltr'><strong>rerum</strong></span> <span class='ocrx_word' id='word_1_178' title='bbox 1836 2552 2266 2609; x_wconf 87' lang='lat' dir='ltr'><strong>corporearum</strong></span> 
     </span>
     <span class='ocr_line' id='line_1_27' title="bbox 288 2622 2267 2699; baseline -0.001 -18"><span class='ocrx_word' id='word_1_179' title='bbox 288 2634 452 2682; x_wconf 90' lang='lat' dir='ltr'><strong>extra</strong></span> <span class='ocrx_word' id='word_1_180' title='bbox 510 2641 620 2681; x_wconf 90' lang='lat' dir='ltr'><strong>nos</strong></span> <span class='ocrx_word' id='word_1_181' title='bbox 663 2622 1097 2694; x_wconf 89' lang='lat' dir='ltr'><strong>exsistentium,</strong></span> <span class='ocrx_word' id='word_1_182' title='bbox 1156 2624 1263 2681; x_wconf 89' lang='lat' dir='ltr'><strong>sed</strong></span> <span class='ocrx_word' id='word_1_183' title='bbox 1311 2622 1489 2683; x_wconf 88' lang='lat' dir='ltr'><strong>etiam</strong></span> <span class='ocrx_word' id='word_1_184' title='bbox 1532 2624 1965 2693; x_wconf 84' lang='lat' dir='ltr'><strong>abstrahendO,</strong></span> <span class='ocrx_word' id='word_1_185' title='bbox 2025 2642 2267 2699; x_wconf 89' lang='lat' dir='ltr'><strong>compa-</strong></span> 
     </span>
     <span class='ocr_line' id='line_1_28' title="bbox 286 2711 2266 2788; baseline -0.001 -18"><span class='ocrx_word' id='word_1_186' title='bbox 286 2713 506 2777; x_wconf 88' lang='lat' dir='ltr'><strong>rando,</strong></span> <span class='ocrx_word' id='word_1_187' title='bbox 567 2712 1024 2787; x_wconf 84' lang='lat' dir='ltr'><strong>componendO,</strong></span> <span class='ocrx_word' id='word_1_188' title='bbox 1081 2730 1176 2770; x_wconf 89' lang='lat' dir='ltr'><strong>res</strong></span> <span class='ocrx_word' id='word_1_189' title='bbox 1232 2712 1564 2788; x_wconf 88' lang='lat' dir='ltr'><strong>spirituales</strong></span> <span class='ocrx_word' id='word_1_190' title='bbox 1607 2711 2145 2788; x_wconf 89' lang='lat' dir='ltr'><strong>apprehendimus,</strong></span> <span class='ocrx_word' id='word_1_191' title='bbox 2208 2723 2266 2770; x_wconf 88' lang='lat' dir='ltr'><strong>ut</strong></span> 
     </span>
     <span class='ocr_line' id='line_1_29' title="bbox 285 2800 2266 2877; baseline 0 -18"><span class='ocrx_word' id='word_1_192' title='bbox 285 2812 555 2859; x_wconf 89' lang='lat' dir='ltr'><strong>naturam</strong></span> <span class='ocrx_word' id='word_1_193' title='bbox 584 2800 837 2871; x_wconf 90' lang='lat' dir='ltr'><strong>animae,</strong></span> <span class='ocrx_word' id='word_1_194' title='bbox 879 2800 1168 2859; x_wconf 90' lang='lat' dir='ltr'><strong>rationem</strong></span> <span class='ocrx_word' id='word_1_195' title='bbox 1202 2801 1343 2873; x_wconf 89' lang='lat' dir='ltr'><strong>veri,</strong></span> <span class='ocrx_word' id='word_1_196' title='bbox 1388 2801 1636 2877; x_wconf 89' lang='lat' dir='ltr'><strong>pulchri,</strong></span> <span class='ocrx_word' id='word_1_197' title='bbox 1680 2802 1861 2873; x_wconf 85' lang='lat' dir='ltr'><strong>boni,-</strong></span> <span class='ocrx_word' id='word_1_198' title='bbox 1888 2801 2048 2872; x_wconf 88' lang='lat' dir='ltr'><strong>mali,</strong></span> <span class='ocrx_word' id='word_1_199' title='bbox 2079 2801 2266 2859; x_wconf 88' lang='lat' dir='ltr'><strong>immo</strong></span> 
     </span>
     <span class='ocr_line' id='line_1_30' title="bbox 286 2890 2009 2966; baseline 0 -19"><span class='ocrx_word' id='word_1_200' title='bbox 286 2890 364 2948; x_wconf 89' lang='lat' dir='ltr'><strong>ad</strong></span> <span class='ocrx_word' id='word_1_201' title='bbox 405 2890 595 2965; x_wconf 90' lang='lat' dir='ltr'><strong>ipsam</strong></span> <span class='ocrx_word' id='word_1_202' title='bbox 638 2890 754 2949; x_wconf 89' lang='lat' dir='ltr'><strong>Dei</strong></span> <span class='ocrx_word' id='word_1_203' title='bbox 797 2900 1066 2949; x_wconf 89' lang='lat' dir='ltr'><strong>naturam</strong></span> <span class='ocrx_word' id='word_1_204' title='bbox 1108 2891 1597 2966; x_wconf 88' lang='lat' dir='ltr'><strong>cognoscendam</strong></span> <span class='ocrx_word' id='word_1_205' title='bbox 1639 2890 2009 2966; x_wconf 88' lang='lat' dir='ltr'><strong>assurgimus.</strong></span> 
     </span>
    </p>

    <p class='ocr_par' dir='ltr' id='par_1_8' title="bbox 406 2972 2265 3063">
     <span class='ocr_line' id='line_1_31' title="bbox 406 2972 2265 3063; baseline -0.001 -16"><span class='ocrx_word' id='word_1_206' title='bbox 406 2989 587 3047; x_wconf 89' lang='lat' dir='ltr'><strong>Unde</strong></span> <span class='ocrx_word' id='word_1_207' title='bbox 643 2987 761 3046; x_wconf 90' lang='lat' dir='ltr'><strong>iam</strong></span> <span class='ocrx_word' id='word_1_208' title='bbox 817 2988 878 3045; x_wconf 91' lang='lat' dir='ltr'><strong>in</strong></span> <span class='ocrx_word' id='word_1_209' title='bbox 934 2988 1249 3046; x_wconf 90' lang='lat' dir='ltr'><strong>dialectica</strong></span> <span class='ocrx_word' id='word_1_210' title='bbox 1269 2988 1291 3020; x_wconf 79' lang='lat'>²</span> <span class='ocrx_word' id='word_1_211' title='bbox 1344 2972 1766 3059; x_wconf 83' lang='lat' dir='ltr'><strong>intelleximuS,</strong></span> <span class='ocrx_word' id='word_1_212' title='bbox 1826 2988 2136 3063; x_wconf 90' lang='lat' dir='ltr'><strong>quomodo</strong></span> <span class='ocrx_word' id='word_1_213' title='bbox 2192 3007 2265 3047; x_wconf 87' lang='lat' dir='ltr'><strong>ex</strong></span> 
     </span>
    </p>
   </div>
   <div class='ocr_carea' id='block_1_8' title="bbox 285 3076 2263 3242">
    <p class='ocr_par' dir='ltr' id='par_1_9' title="bbox 285 3076 2263 3242">
     <span class='ocr_line' id='line_1_32' title="bbox 287 3076 2263 3153; baseline 0.001 -18"><span class='ocrx_word' id='word_1_214' title='bbox 287 3088 452 3152; x_wconf 90' lang='lat' dir='ltr'><strong>parte</strong></span> <span class='ocrx_word' id='word_1_215' title='bbox 509 3077 730 3136; x_wconf 92' lang='lat' dir='ltr'><strong>obiecti</strong></span> <span class='ocrx_word' id='word_1_216' title='bbox 771 3076 1160 3151; x_wconf 88' lang='lat' dir='ltr'><strong>distinguatur</strong></span> <span class='ocrx_word' id='word_1_217' title='bbox 1203 3076 1341 3134; x_wconf 89' lang='lat' dir='ltr'><strong>idea</strong></span> <span class='ocrx_word' id='word_1_218' title='bbox 1381 3076 1623 3152; x_wconf 91' lang='lat' dir='ltr'><strong>proprie</strong></span> <span class='ocrx_word' id='word_1_219' title='bbox 1677 3076 1838 3135; x_wconf 88' lang='lat' dir='ltr'><strong>dicta</strong></span> <span class='ocrx_word' id='word_1_220' title='bbox 1880 3078 1957 3135; x_wconf 89' lang='lat' dir='ltr'><strong>ab</strong></span> <span class='ocrx_word' id='word_1_221' title='bbox 1998 3077 2263 3153; x_wconf 85' lang='lat' dir='ltr'><strong>imagine</strong></span> 
     </span>
     <span class='ocr_line' id='line_1_33' title="bbox 285 3165 1642 3242; baseline 0.001 -19"><span class='ocrx_word' id='word_1_222' title='bbox 285 3168 380 3225; x_wconf 90' lang='lat' dir='ltr'><strong>vel</strong></span> <span class='ocrx_word' id='word_1_223' title='bbox 423 3167 833 3242; x_wconf 87' lang='lat' dir='ltr'><strong>phantasmate</strong></span> <span class='ocrx_word' id='word_1_224' title='bbox 876 3166 938 3224; x_wconf 93' lang='lat' dir='ltr'><strong>in</strong></span> <span class='ocrx_word' id='word_1_225' title='bbox 979 3165 1293 3241; x_wconf 87' lang='lat' dir='ltr'><strong>phantasia</strong></span> <span class='ocrx_word' id='word_1_226' title='bbox 1334 3166 1642 3241; x_wconf 89' lang='lat' dir='ltr'><strong>producta.</strong></span> 
     </span>
    </p>
   </div>
   <div class='ocr_carea' id='block_1_9' title="bbox 287 3308 469 3315">
    <p class='ocr_par' dir='ltr' id='par_1_10' title="bbox 287 3308 469 3315">
     <span class='ocr_line' id='line_1_34' title="bbox 287 3308 469 3315; baseline 0 535"><span class='ocrx_word' id='word_1_227' title='bbox 287 3308 469 3315; x_wconf 95' lang='lat' dir='ltr'><strong> </strong></span> 
     </span>
    </p>
   </div>
   <div class='ocr_carea' id='block_1_10' title="bbox 472 3309 712 3315">
    <p class='ocr_par' dir='ltr' id='par_1_11' title="bbox 472 3309 712 3315">
     <span class='ocr_line' id='line_1_35' title="bbox 472 3309 712 3315; baseline 0 0"><span class='ocrx_word' id='word_1_228' title='bbox 472 3309 712 3315; x_wconf 95' lang='lat' dir='ltr'><strong> </strong></span> 
     </span>
    </p>
   </div>
   <div class='ocr_carea' id='block_1_11' title="bbox 414 3396 1815 3462">
    <p class='ocr_par' dir='ltr' id='par_1_12' title="bbox 414 3396 1815 3462">
     <span class='ocr_line' id='line_1_36' title="bbox 414 3396 1815 3462; baseline 0.001 -16"><span class='ocrx_word' id='word_1_229' title='bbox 414 3396 429 3426; x_wconf 87' lang='lat'>¹</span> <span class='ocrx_word' id='word_1_230' title='bbox 469 3399 544 3448; x_wconf 86' lang='lat' dir='ltr'><strong>Cf.</strong></span> <span class='ocrx_word' id='word_1_231' title='bbox 585 3400 682 3447; x_wconf 89' lang='lat' dir='ltr'><strong>vol.</strong></span> <span class='ocrx_word' id='word_1_232' title='bbox 723 3401 762 3458; x_wconf 88' lang='grc' dir='ltr'><strong>Ι,</strong></span> <span class='ocrx_word' id='word_1_233' title='bbox 810 3412 870 3461; x_wconf 80' lang='lat'><strong>13</strong></span> <span class='ocrx_word' id='word_1_234' title='bbox 911 3407 962 3448; x_wconf 87' lang='lat' dir='ltr'><strong>et</strong></span> <span class='ocrx_word' id='word_1_235' title='bbox 1006 3412 1084 3459; x_wconf 88' lang='lat'><strong>14.</strong></span> <span class='ocrx_word' id='word_1_236' title='bbox 1234 3398 1254 3429; x_wconf 84' lang='lat'><strong>²</strong></span> <span class='ocrx_word' id='word_1_237' title='bbox 1291 3400 1424 3449; x_wconf 89' lang='lat' dir='ltr'><strong>Ibid.</strong></span> <span class='ocrx_word' id='word_1_238' title='bbox 1471 3412 1567 3462; x_wconf 88' lang='lat'><strong>133</strong></span> <span class='ocrx_word' id='word_1_239' title='bbox 1608 3408 1657 3447; x_wconf 89' lang='lat' dir='ltr'><strong>et</strong></span> <span class='ocrx_word' id='word_1_240' title='bbox 1702 3412 1815 3461; x_wconf 86' lang='lat'>139.</span> 
     </span>
    </p>
   </div>
   <div class='ocr_carea' id='block_1_12' title="bbox 1930 0 2358 335">
    <p class='ocr_par' dir='ltr' id='par_1_13' title="bbox 1930 0 2358 335">
     <span class='ocr_line' id='line_1_37' title="bbox 1930 0 2358 335; baseline 0 3515"><span class='ocrx_word' id='word_1_241' title='bbox 1930 0 2358 335; x_wconf 95' lang='lat' dir='ltr'><strong> </strong></span> 
     </span>
    </p>
   </div>
   <div class='ocr_carea' id='block_1_13' title="bbox 2333 481 2363 2449">
    <p class='ocr_par' dir='ltr' id='par_1_14' title="bbox 2333 481 2363 2449">
     <span class='ocr_line' id='line_1_38' title="bbox 2333 481 2357 1062; baseline 1.034 8"><span class='ocrx_word' id='word_1_242' title='bbox 2333 481 2357 1062; x_wconf 63' lang='lat' dir='ltr'><strong>a</strong></span> 
     </span>
     <span class='ocr_line' id='line_1_39' title="bbox 2340 1086 2363 1626; baseline 0 -304"><span class='ocrx_word' id='word_1_243' title='bbox 2340 1086 2363 1626; x_wconf 52' lang='grc' dir='ltr'><strong>ἶ</strong></span> 
     </span>
     <span class='ocr_line' id='line_1_40' title="bbox 2348 1651 2363 2449; baseline 0 0"><span class='ocrx_word' id='word_1_244' title='bbox 2348 1651 2363 2449; x_wconf 66' lang='lat' dir='ltr'><strong>l</strong></span> 
     </span>
    </p>
   </div>
   <div class='ocr_carea' id='block_1_14' title="bbox 2361 3002 2362 3769">
    <p class='ocr_par' dir='ltr' id='par_1_15' title="bbox 2361 3002 2362 3769">
     <span class='ocr_line' id='line_1_41' title="bbox 2361 3002 2362 3769; baseline 0 0"><span class='ocrx_word' id='word_1_245' title='bbox 2361 3002 2362 3769; x_wconf 95' lang='lat' dir='ltr'><strong> </strong></span> 
     </span>
    </p>
   </div>
  </div>
 </body>
</html>
