2367 3850
1168 0 1192 3 -
1290 0 1295 2 -
1374 0 1381 6 .
1513 7 1516 10 ,
1629 0 1632 3 ·
1669 9 1674 13 ,
1719 7 1722 10 .
1779 0 1814 12 -w
1866 0 2343 64 ‘'by-:ma

1933 37 1936 42 .
2083 37 2092 41 ..
2119 35 2124 39 .
2157 27 2182 36 ο·
2315 25 2320 40 ῐ

280 173 297 208 1
310 160 376 222 38
703 171 1198 208 ANTHROPOLOGIA.
1266 171 1400 208 PARS
1442 171 1826 209 sYNTnETmA.

391 332 675 381 Scholion.
744 323 842 381 De
866 340 1039 380 causa
1065 322 1381 398 exemplari
1403 322 1660 380 hominis.
1705 351 1786 360 -
1829 323 1930 380 Ex
1977 320 2080 393 iis,
2135 339 2290 395 quae
2343 389 2345 412 1

271 412 574 486 hucusque
628 411 996 487 experientia
1036 411 1481 470 observavimus
1521 411 1614 468 vel
1659 409 1990 468 ratiocinio
2039 409 2291 485 collegi-
2343 417 2345 436 ²

270 520 415 570 muS,
461 501 579 558 iam
608 501 821 559 scimus
848 519 1089 559 causam
1118 499 1451 575 efficientem
1480 498 1740 558 hominis
1769 517 1901 558 esse
1935 499 2288 574 duplicem,

274 592 468 648 Deum
496 589 722 649 scilicet
750 590 951 666 quoad
991 588 1226 648 animae
1265 588 1744 664 productionem,
1785 599 2094 664 parentes
2143 607 2290 647 vero

272 678 474 754 quoad
495 679 776 738 materiae
798 678 1214 737 informandae
1235 676 1688 753 dispositionem
1707 697 1814 753 per
1842 696 2066 736 veram
2101 679 2289 736 totius

273 767 589 843 compositi
626 767 1093 843 generationem.
1166 768 1425 825 Causam
1457 766 1772 841 formalem
1797 767 2038 826 deinde
2070 766 2290 824 intrin-

272 876 473 916 secam
503 867 562 915 et
589 856 1034 916 substantialem
1062 855 1322 915 hominis
1353 856 1496 915 item
1539 857 1756 914 scimus
1797 873 1928 914 esse
1978 855 2286 915 animam.
2345 887 2347 914 ᾗ

394 945 515 1004 Sed
550 955 788 1020 praeter
830 963 1070 1004 causam
1112 946 1425 1004 formalem
1465 944 1849 1016 intrinsecam
1889 945 2285 1021 philosophi,
2346 989 2347 992 η

273 1034 333 1092 in
362 1035 541 1092 rebus
568 1051 723 1109 quae
751 1036 913 1105 fiunt,
959 1033 1326 1109 distinguunt
1353 1034 1533 1092 etiam
1562 1053 1787 1092 causam
1815 1034 2161 1108 formalem
2193 1053 2284 1092 ex-

269 1125 565 1182 trinsecam
588 1125 683 1183 vel
710 1124 927 1194 ideam,
959 1124 1265 1199 exemplar
1293 1124 1354 1181 in
1367 1133 1571 1182 mente
1588 1123 1888 1195 exsistenS,
1918 1124 2280 1182 secundum

272 1213 437 1288 quod
464 1231 559 1271 res
589 1214 933 1272 formantur.
1005 1215 1181 1271 Haec
1209 1213 1362 1283 idea,
1408 1231 1562 1287 quae
1605 1212 1819 1271 dicitur
1857 1212 2048 1271 etiam
2091 1232 2282 1271 causa

270 1304 607 1378 exemplaris
621 1349 638 1372 ,
696 1313 758 1360 ut
813 1302 1167 1377 archetypus
1223 1301 1521 1360 invenitur
1574 1301 1782 1360 ultimo
1835 1302 1898 1360 in
1945 1301 2278 1360 inteUectu

271 1391 386 1450 Dei
406 1392 483 1450 ab
503 1401 749 1450 aeterno
771 1391 832 1449 in
861 1392 1117 1450 essentia
1146 1409 1251 1449 sua
1279 1390 1702 1466 conspicientis
1728 1389 2000 1450 diversos
2019 1392 2274 1462 mOdOS,

270 1480 596 1540 secundum
626 1498 775 1556 quos
802 1481 956 1538 haec
984 1478 1239 1540 essentia
1269 1491 1356 1538 est
1383 1479 1682 1538 imitabilis
1707 1480 1786 1538 ad
1814 1489 1998 1538 extra.
2077 1482 2276 1540 Unde
2347 1543 2349 1554 .

273 1570 350 1638 fit,
394 1579 456 1627 ut
485 1587 578 1628 res
621 1588 830 1628 omnes
872 1580 1108 1628 creatae
1151 1568 1272 1628 dici
1313 1568 1543 1644 possint
1584 1568 1880 1644 quaedam
1926 1569 2268 1645 «vestigia»
2348 1587 2349 1608 ³

271 1659 389 1717 Dei
430 1661 525 1717 vel
572 1658 1049 1718 «similitudines»
1097 1659 1216 1717 Dei
1257 1658 1333 1716 ab
1377 1659 1517 1733 Ipso
1561 1657 1622 1715 in
1663 1668 1871 1716 natura
1913 1676 2269 1734 expressae.

272 1750 433 1806 Inter
461 1758 757 1807 creaturas
783 1765 929 1806 vero
958 1765 1167 1807 omnes
1195 1747 1365 1805 huius
1397 1747 1606 1806 mundi
1647 1747 2026 1824 aspectabilis
2069 1749 2270 1806 homo

272 1837 595 1912 specialem
649 1838 953 1912 quandam
1000 1837 1182 1896 refert
1225 1834 1687 1896 simulitudinem
1728 1836 1845 1895 Dei
1886 1855 2263 1912 expressam.

274 1927 449 1985 Entia
478 1926 638 1985 enirn
679 1926 963 1986 inferiora
1003 1946 1127 1985 non
1170 1926 1563 1985 assimilantur
1590 1928 1726 1985 Deo
1768 1926 1879 1984 nisi
1921 1927 2265 1985 secundum

272 2034 460 2091 genus
518 2016 823 2090 quoddam
867 2026 1157 2074 remotum
1174 2060 1190 2085 ‚
1247 2015 1362 2073 alia
1403 2015 1629 2074 scilicet
1668 2016 1730 2073 in
1773 2025 2062 2090 quantum
2105 2024 2265 2085 sunt,
2350 2084 2351 2095 χ

271 2104 386 2162 alia
428 2104 490 2161 in
533 2115 817 2179 quantum
858 2106 1070 2163 vivunt.
1156 2106 1366 2163 Homo
1407 2123 1554 2163 vero
1596 2104 1946 2163 assimilatur
1987 2106 2134 2165 Deo
2179 2124 2264 2164 se-
2349 2098 2351 2139 ³

271 2194 532 2252 cundum
587 2194 851 2251 ultimam
896 2194 1062 2269 quasi
1105 2194 1502 2253 differentiam
1520 2240 1534 2265 ‚
1591 2194 1654 2251 in
1697 2204 1984 2267 quantum
2017 2195 2262 2253 scilicet

268 2293 464 2357 potest
490 2283 808 2356 intellegere
834 2293 892 2341 et
928 2283 1102 2341 velle:
1144 2293 1204 2341 et
1231 2290 1476 2359 propter
1512 2284 1663 2340 hanc
1691 2285 2020 2359 proximam
2063 2285 2260 2355 simili-

268 2372 516 2430 tudinem
559 2372 684 2428 Dei
719 2374 781 2429 in
822 2375 941 2447 ipso
982 2381 1305 2448 expressam
1344 2373 1505 2430 homo
1546 2373 1753 2430 dicitur
1792 2382 1981 2443 imago
2027 2383 2156 2431 Dei.

389 2463 482 2519 Ex
510 2460 599 2519 his
629 2462 908 2536 sequitur,
954 2471 1032 2531 ut,
1076 2479 1198 2536 quo
1228 2461 1549 2535 perfectior
1579 2472 1668 2520 est
1695 2472 1858 2520 actus
1898 2461 2254 2533 intellectuS,

270 2551 483 2609 mentis
513 2560 572 2609 et
600 2548 930 2621 voluntatiS,
976 2568 1050 2608 eo
1079 2550 1402 2624 perfectior
1431 2550 1608 2609 etiam
1637 2550 1710 2609 sit
1735 2550 1798 2608 in
1840 2550 2016 2609 nobis
2059 2551 2256 2609 simili-

268 2708 414 2757 Bible
453 2726 579 2757 nous
618 2708 882 2774 l'apprend
899 2749 910 2771 ‚
962 2712 1086 2758 d'un
1123 2711 1236 2759 seul
1265 2711 1428 2774 couple
1452 2711 1692 2774 primitis.
1769 2711 1884 2773 Que
1923 2726 2055 2759 nous
2096 2712 2173 2759 dit
2208 2712 2254 2758 la

269 2790 467 2839 science
507 2786 537 2837 ὲ
574 2799 653 2839 cet
692 2791 883 2854 Egard?
956 2792 1005 2838 A
1044 2806 1175 2854 coup
1214 2791 1326 2851 sur,
1381 2790 1430 2838 la
1467 2790 1675 2839 filiation
1716 2791 1784 2839 du
1837 2806 1996 2855 genre
2047 2790 2252 2839 humain

269 2866 299 2916 ὲ
336 2870 491 2933 partir
528 2869 649 2918 d'un
687 2871 796 2918 seul
834 2871 1015 2934 couple
1066 2870 1280 2935 primitis
1323 2879 1400 2919 est
1438 2872 1677 2934 possible,
1730 2879 1781 2919 et
1831 2871 1866 2918 il
1917 2881 2116 2920 ressort
2167 2873 2252 2919 des

269 2965 427 3013 pages
463 2950 798 3013 precedentes
837 2949 1021 3015 qu'elle
1058 2959 1133 3014 est
1170 2951 1538 3000 vraisemblable
1553 2971 1576 3009 ,·
1613 2952 1736 3000 mais
1773 2966 1904 2999 nous
1938 2967 2006 2999 ne
2034 2967 2249 3015 croyons

268 3045 359 3092 pas
396 3045 494 3093 que
532 3028 636 3078 l’on
673 3030 871 3093 puisse,
926 3028 956 3077 ὰ
991 3029 1141 3078 l’aide
1180 3028 1524 3094 d'arguments
1574 3038 1840 3095 puretnent
1885 3031 2246 3096 scientifiques‚

270 3109 455 3156 arriver
485 3110 665 3173 jamais
703 3106 733 3157 a
770 3110 948 3158 etablir
985 3109 1170 3174 qu'elle
1210 3118 1283 3159 est
1322 3110 1570 3159 certaine»
1617 3107 1859 3176 (Mercier
1881 3111 1915 3159 l.
1946 3128 1988 3160 c.
2017 3128 2070 3176 p.
2104 3108 2245 3175 547).

272 3187 348 3235 Cf.
402 3188 551 3236 etiam
590 3190 701 3238 Pelt
734 3189 765 3238 1.
805 3205 848 3239 c.
888 3206 937 3254 p.
978 3190 1062 3250 48.
1132 3191 1448 3255 Vzgouroux,
1506 3190 1606 3238 Les
1644 3190 1824 3239 Livres
1877 3190 2048 3239 Saints
2099 3200 2151 3239 et
2203 3192 2248 3239 la

270 3266 481 3329 critique
519 3268 829 3316 rationaliste
868 3270 942 3316 111
971 3267 1134 3331 (Paris
1168 3266 1346 3330 1887),
1390 3281 1688 3331 299—-390,
1753 3271 1971 3329 Guibert,
2013 3272 2118 3320 Les
2157 3271 2245 3319 ori-

312 3343 418 3390 ’nes
456 3353 549 3390 etc.
594 3344 698 3401 (ed.
741 3344 797 3405 2)
840 3363 889 3408 p.
932 3357 1029 3407 215
1072 3362 1182 3410 sqq.
