2367 3850
906 221 1362 258 PRAENOTIONES.
2025 221 2083 270 31
2101 221 2120 257 1

276 371 387 426 III.
427 371 668 427 Ethicae
694 372 946 446 specialis
973 372 1186 428 divzkia
1227 402 1290 410 -—
1329 371 1500 443 Quae
1532 389 1667 428 cum
1696 371 1776 428 ita
1804 370 1935 441 sint,
1979 370 2131 427 duae

130 459 401 531 ethicae>
446 459 717 535 specialis
778 459 1059 535 distingui
1113 470 1362 535 possunt
1405 469 1633 535 partes:
1697 461 1912 528 altera,
1977 477 2132 533 quae

134 547 377 606 dicitur
410 550 590 607 ethica
628 551 879 627 specialis
918 549 1286 607 individualis·
1299 594 1316 618 ,
1371 549 1448 608 de
1492 549 1617 607 iure
1661 547 1894 607 disserit
1934 549 2134 607 indivi-

137 639 324 696 duali
363 657 462 697 seu
490 639 795 711 absolut03
837 640 1039 709 altera,
1083 639 1261 696 ethica
1301 640 1552 716 specialis
1591 641 1810 696 socialis
1837 639 1932 696 vel
1973 641 2134 696 socio-

84 713 101 720 ·
138 730 331 802 logia,
375 728 497 786 iura
539 728 796 804 explicat
834 739 895 786 et
936 726 1134 786 officia
1174 728 1441 785 socialia:
1499 745 1653 803 quae
1697 738 1831 786 sunt
1871 729 1966 786 vel
2009 727 2136 785 iura

142 828 210 875 et
254 818 457 876 officia
498 818 903 876 membrorum
944 815 1242 876 societatis
1283 817 1436 875 inter
1477 836 1558 890 se,
1602 827 1666 875 ut
1702 827 1836 875 sunt
1863 818 2136 875 membra

142 907 485 980 societatiS‚
546 908 641 966 vel
702 907 943 966 relative
986 907 1064 965 ad
1106 907 1452 966 societatem
1493 906 1683 982 ipsam
1703 954 1716 978 ,
1779 916 1838 965 et
1877 906 2134 965 vicissim

144 991 269 1072 (ius
311 997 531 1055 sociale
574 990 929 1072 internum)3
985 997 1080 1054 vel
1121 995 1250 1054 iura
1293 1006 1352 1055 et
1393 996 1592 1054 officia
1639 995 2004 1055 diversarum
2048 1015 2135 1054 so-

146 1086 438 1144 cietatum
479 1085 633 1145 inter
675 1103 739 1145 se
782 1085 938 1162 ipsas
982 1079 1092 1161 (ius
1148 1095 1458 1144 externum
1500 1087 1595 1144 vel
1637 1079 2133 1160 internationale).

278 1186 407 1242 Iam
449 1201 594 1242 vero
638 1183 715 1242 de
757 1182 981 1242 iuribus
1023 1193 1083 1242 et
1124 1183 1338 1241 officiis
1378 1181 1638 1242 hominis
1680 1182 2138 1242 individualibus

150 1291 306 1347 erga
350 1274 546 1332 Deum
589 1272 911 1348 disputatio
967 1271 1078 1330 erit
1120 1271 1181 1330 in
1237 1271 1566 1348 disciplinis
1620 1271 1972 1348 theologicis
2014 1271 2135 1330 sive

150 1361 515 1437 dogmaticis
556 1361 679 1420 sive
722 1361 1044 1419 moralibus
1073 1362 1105 1419 ¹.

280 1451 499 1509 Officia
526 1459 725 1510 autem
753 1449 1010 1508 hominis
1040 1465 1184 1525 erga
1213 1469 1275 1508 se
1305 1449 1499 1526 ipsum
1529 1460 1588 1508 et
1629 1468 1772 1526 erga
1801 1448 2134 1526 proximum

154 1540 437 1616 decalogi
495 1539 835 1616 praeceptis
895 1550 954 1599 et
1014 1550 1263 1610 tractatu
1325 1540 1401 1599 de
1447 1541 1690 1599 caritate
1732 1539 1795 1597 in
1837 1538 2138 1614 theologia

155 1649 333 1687 sacra
372 1630 677 1688 declarata
716 1628 985 1688 invenies
1009 1630 1046 1688 ².

281 1720 645 1778 Societatem
699 1737 844 1778 vero
900 1718 1065 1794 quod
1119 1719 1356 1790 attinet,
1417 1728 1689 1776 naturam
1745 1729 1804 1777 et
1845 1717 2138 1793 originem

159 1808 422 1868 familiae
461 1827 706 1868 necnon
749 1805 875 1867 iura
917 1819 976 1867 et
1014 1806 1212 1866 officia
1241 1807 1363 1867 sive
1393 1819 1705 1884 parentum
1735 1807 1856 1866 sive
1886 1809 2137 1866 filiorum

157 1901 221 1958 in
280 1907 535 1957 tractatu
611 1898 687 1958 de
756 1897 1137 1957 matrimonio
1162 1899 1183 1932 ⁸
1252 1907 1312 1957 et
1371 1907 1583 1974 quarto
1644 1897 1933 1974 decalogi¹
1973 1917 2140 1974 prae·

159 1999 341 2065 cepto
365 1991 387 2022 ⁴
430 1990 748 2064 explanata
785 1988 987 2047 habeS.

280 2080 436 2136 Item
491 2078 569 2137 de
632 2077 915 2135 societate
957 2077 1020 2134 in
1062 2096 1284 2153 genere
1327 2078 1616 2135 nonnulla
1657 2076 1719 2133 in
1760 2086 2012 2135 tractatu
2063 2077 2139 2135 de

158 2168 436 2227 Ecclesia
460 2170 481 2201 ⁵
548 2178 608 2225 et
665 2166 726 2225 in
786 2166 1243 2225 institutionibus
1312 2166 1452 2224 iuris
1512 2164 1789 2224 canonici
1813 2168 1835 2199 ⁶
1903 2166 2141 2225 uberius

160 2253 557 2331 exponentur.

281 2346 499 2420 Neque
543 2344 620 2404 de
664 2346 874 2404 officiis
914 2343 1172 2404 hominis
1215 2364 1359 2420 erga
1413 2345 1691 2402 animalia
1745 2345 1916 2403 bruta
1957 2345 2142 2420 loqui-

158 2454 311 2507 mur,
357 2453 493 2493 cum
537 2434 799 2492 officium
841 2434 903 2491 in
946 2452 1066 2492 uno
1108 2433 1198 2492 ius
1240 2434 1300 2492 in
1345 2433 1462 2492 alio
1506 2444 1820 2509 supponat,
1864 2434 2143 2492 animalia

159 2543 305 2583 vero
348 2525 524 2582 bruta
563 2522 892 2583 subiectum
929 2524 1068 2581 iuris
1110 2540 1240 2581 esse
1281 2542 1406 2581 non
1436 2522 1678 2600 possint.
1736 2523 1973 2581 Etenim
2017 2543 2141 2581 non

161 2624 359 2690 potest
400 2613 625 2672 habere
668 2612 756 2671 ius
811 2612 924 2671 nisi
967 2612 1069 2688 qui
1124 2632 1314 2688 capax
1370 2621 1459 2671 est
1499 2612 1746 2670 iniuriae
1802 2613 2137 2688 patiendae.

164 2702 352 2778 Atqui
394 2702 554 2761 entia
603 2701 964 2761 irrationalia
1007 2700 1280 2759 iniuriam
1323 2702 1447 2776 pati
1487 2712 1810 2777 nequeunt,
1869 2703 2010 2777 quia
2061 2721 2140 2760 ne

163 2792 496 2850 radicaliter
550 2790 794 2868 quidem
850 2791 947 2850 vel
986 2792 1414 2868 interpretative
1468 2800 1714 2867 possunt
1770 2808 1898 2850 esse
1957 2791 2143 2849 invita

292 3010 309 3042 ¹
346 3012 422 3061 Cf.
461 3013 643 3077 Egger,
691 3012 898 3061 Euchir.
938 3012 1091 3061 theol.
1133 3012 1304 3076 dogm.
1343 3028 1517 3076 gener.
1559 3028 1607 3060 n.
1654 3020 1719 3073 27
1761 3028 1870 3076 sqq.
1912 3020 1962 3061 et
2003 3021 2137 3075 347;

170 3094 283 3142 item
321 3093 471 3141 Marc
506 3092 539 3141 l.
579 3109 623 3141 c.
664 3109 713 3141 n.
757 3092 1064 3155 530—681:
1105 3093 1185 3141 De
1223 3092 1509 3156 praeceptis
1547 3092 1798 3156 decalogi.

292 3169 314 3201 ²
349 3173 424 3221 Cf.
466 3173 618 3222 Marc
652 3172 685 3221 l.
726 3188 769 3221 c.
809 3188 859 3223 n.
903 3183 1021 3233 719.
1063 3181 1181 3235 757.
1224 3172 1326 3234 839
1365 3188 1506 3237 sqq.;
1548 3172 1666 3221 item
1707 3188 1756 3221 n.
1797 3173 1900 3234 476
1940 3189 2048 3238 sqq.

291 3251 311 3282 ³
346 3253 497 3302 Marc
530 3252 564 3301 l.
605 3269 649 3302 c.
688 3269 739 3302 n.
786 3253 918 3313 1948
958 3269 1069 3318 sqq.
1218 3250 1238 3281 ⁴
1276 3251 1408 3301 Ibid.
1450 3268 1498 3300 n.
1540 3252 1643 3301 686
1682 3268 1793 3316 sqq.

292 3331 312 3361 ⁵
347 3332 424 3382 Cf.
464 3334 634 3398 Egger
668 3332 701 3382 l.
742 3349 785 3382 c.
824 3350 873 3382 n.
916 3343 1019 3395 270
1057 3349 1167 3397 sqq.

292 3410 313 3443 ⁶
350 3412 433 3463 Gf.
469 3412 745 3479 Bargilliat
776 3412 809 3463 l.
850 3430 893 3464 c.
933 3430 981 3464 n.
1028 3414 1090 3462 16
1129 3429 1239 3479 sqq.

1 3606 31 3837 k
142 3814 273 3837 equid-‘n
294 3824 303 3837 Ἀ
334 3826 343 3837 ,·
370 3830 373 3833 ·
438 3812 445 3817 '
