2367 3850
1347 12 1362 24 ¹*
1396 1 1835 44 ““’”’““.Ἶ“ῐ’“”·ῗ”·“’-Π“
1843 4 2315 58 ,ΜΠ
2237 30 2248 43 .
2315 7 2342 16 “

309 252 414 314 258
941 263 1274 300 Tflnoroom
1313 263 1652 300 NATURALIS.

307 411 369 468 in
410 410 710 486 praesenti
764 421 968 469 tamen
1019 411 1140 468 vita
1194 411 1325 486 ipse
1379 430 1415 468 a
1466 411 1643 468 nobis
1688 427 1816 468 non
1874 409 2200 468 evidenter
2236 420 2292 467 et

305 499 645 559 necessario
703 500 1173 576 apprehenditur
1232 510 1296 558 ut
1354 499 1581 558 bonum
1642 499 1895 558 omnino
1958 499 2290 574 perfectum

307 584 388 664 (p.
420 583 551 662 84).
594 605 794 663 neque
833 588 1090 664 proinde
1118 587 1460 648 necessario
1488 588 1761 647 voluntas
1802 589 2078 646 humana
2118 587 2293 647 fertur

305 677 370 736 in
411 679 608 736 Deum
649 688 750 737 aut
788 679 852 738 in
892 678 1057 736 bona
1099 676 1507 753 particularia,
1555 695 1712 790 quae
1753 677 2295 752 apprehenduntur

306 777 369 824 ut
409 766 810 828 conducentia
849 767 912 824 in
953 767 1165 842 ipsum.

427 857 502 914 II.
555 855 753 914 Posita
793 873 938 914 vero
978 857 1095 913 hac
1135 855 1409 914 libertate
1426 902 1441 928 ‚
1498 854 1836 914 necessaria
1888 856 2163 914 conexio
2202 855 2294 913 ad·

307 915 595 1004 mittenda
635 954 725 1003 est
765 943 920 1002 inter
960 954 1188 1003 rectum
1229 962 1399 1004 usum
1427 942 1711 1002 libertatis
1752 953 1815 1002 et
1853 944 2291 1002 beatitudinem

307 1031 746 1108 assequendam
777 1033 1078 1104 exsistenS,
1122 1034 1256 1092 talis
1283 1033 1511 1092 scilicet
1539 1043 1601 1090 ut
1641 1050 1716 1091 ex
1755 1042 1925 1092 recto
1970 1052 2088 1092 usu
2130 1034 2293 1090 liber-

303 1121 439 1180 tatis
477 1122 662 1181 homo
703 1122 1050 1180 felicitatem
1092 1139 1260 1181 suam
1302 1123 1600 1193 obtineat,
1659 1139 1733 1180 ex
1787 1123 1951 1180 malo
1995 1140 2152 1181 vero
2192 1140 2290 1179 usu

306 1210 383 1267 ab
425 1210 556 1285 ipsa
597 1211 853 1270 deficiat.
937 1211 1207 1270 Etenim:
1501 1229 1514 1241 '

433 1319 482 1357 1.
539 1299 812 1358 Conexio
867 1299 1208 1358 necessaria
1275 1300 1565 1375 ponenda
1631 1307 1721 1357 est
1772 1300 1927 1357 inter
1978 1319 2153 1358 usum
2208 1301 2295 1357 vel

305 1390 627 1446 exercitium
668 1389 944 1446 libertatis
983 1395 1040 1445 et
1075 1389 1489 1447 beatitudinem.
1574 1387 1846 1447 Libertas
1898 1388 2072 1449 enim
2130 1407 2291 1464 prae-

305 1477 724 1535 stantissimum
775 1487 864 1536 est
914 1478 1068 1535 inter
1109 1476 1314 1535 omnia
1357 1494 1511 1551 quae
1554 1479 1720 1536 Deus
1774 1488 2093 1536 creaturae
2156 1495 2288 1535 suae

305 1565 596 1641 praestitit
635 1567 814 1624 bona.
898 1569 1028 1624 Iam
1068 1584 1215 1625 vero
1256 1565 1371 1623 nisi
1426 1565 1579 1624 haec
1634 1566 1975 1624 necessaria
2034 1567 2288 1625 conexio

307 1654 626 1727 exsisteret,
683 1654 1255 1730 praestantissimum
1294 1654 1441 1713 illud
1482 1655 1709 1713 bonum
1752 1654 1866 1730 ipsi
1918 1655 2026 1713 fini
2082 1656 2287 1715 ultimo

305 1742 624 1802 creationis
661 1762 789 1802 non
830 1753 986 1802 esset
1013 1744 1483 1815 subordinatum,
1524 1744 1691 1818 quod
1719 1743 1951 1802 admitti
1994 1762 2126 1802 non
2168 1754 2287 1820 pot·

307 1841 412 1889 est.
496 1834 660 1890 Deus
704 1833 863 1892 enim
907 1850 1120 1892 omnes
1162 1851 1257 1891 res
1298 1832 1468 1891 huius
1509 1833 1718 1890 mundi
1744 1831 2009 1891 visibiles
2052 1833 2287 1890 inferio·
2349 1825 2350 1902 j

307 1939 401 1979 res
460 1920 862 1997 pulcherrimo
923 1921 1136 1981 ordine
1196 1920 1499 1997 sapienter
1558 1920 1885 1981 ordinavit:
1958 1942 1996 1981 a
2058 1921 2283 1981 fortiori

306 2011 560 2085 proinde
603 2010 858 2069 libertati
899 2010 1158 2069 hominis
1200 2011 1478 2070 ordinem
1517 2011 1920 2087 praescripsit.

425 2100 741 2158 Praeterea
770 2118 968 2173 neque
1002 2098 1137 2158 finis
1165 2100 1375 2158 mundi
1401 2099 1640 2158 ultimus
1667 2100 2033 2160 extrinsecus
2078 2095 2285 2176 (gloria
2347 2158 2348 2161 ,

307 2182 476 2262 Dei),
536 2206 735 2263 neque
799 2188 930 2245 finis
987 2188 1168 2265 ipsius
1224 2188 1463 2247 ultimus
1529 2188 1885 2248 intrinsecus
1955 2182 2283 2265 (beatitudo

305 2271 584 2349 hominis)
626 2278 892 2365 perfecte
923 2276 1180 2335 obtineri
1219 2288 1433 2352 potest,
1475 2276 1590 2335 nisi
1632 2278 1783 2335 haec
1820 2277 2111 2337 libertatis
2154 2295 2283 2335 cum

306 2358 669 2424 beatitudine
714 2365 968 2424 conexio
1009 2366 1350 2425 necessaria
1392 2354 1795 2426 admittatur&

431 2554 447 2586 ¹
492 2556 598 2605 «Le
635 2557 763 2606 libre
802 2559 988 2608 arbitre
1023 2558 1223 2610 resume
1261 2560 1335 2609 les
1372 2560 1489 2625 plus
1525 2562 1704 2611 hautes
1740 2562 2089 2627 prerogatives
2122 2578 2283 2612 accor-

249 2669 256 2675 -
308 2636 429 2686 dees
466 2653 558 2701 par
593 2638 726 2687 Dieu
764 2634 795 2685 ὲ,
832 2655 887 2686 sa
925 2641 1168 2690 creature.
1244 2641 1332 2700 Or,
1373 2643 1597 2705 suppose
1636 2658 1735 2706 que
1770 2641 2077 2691 l'obtention
2127 2656 2197 2691 ou
2240 2641 2283 2687 la

307 2716 558 2780 privation
597 2718 660 2765 de
698 2718 745 2765 la
782 2717 852 2766 fin
889 2718 1123 2783 supreme
1161 2720 1226 2767 de
1264 2720 1312 2767 la
1350 2730 1525 2770 nature
1563 2721 1800 2769 humaine
1836 2729 1901 2769 ne
1950 2723 2151 2771 fussent
2200 2736 2283 2785 pas
2343 2768 2344 2779 ¹

307 2796 428 2845 liees
467 2813 529 2845 au
567 2797 673 2844 bon
712 2813 867 2865 usage
904 2815 970 2847 ou
1010 2795 1040 2847 ὲ
1077 2798 1240 2849 l'abus
1279 2801 1347 2847 du
1384 2799 1512 2849 libre
1551 2800 1769 2864 arbitre,
1822 2802 1871 2851 le
1918 2802 2050 2850 libre
2099 2803 2283 2851 arbitro
2343 2794 2344 2813 ¹

308 2874 516 2924 n’aurait
552 2893 644 2940 pas
682 2877 730 2925 le
769 2878 1020 2926 caractere
1057 2878 1180 2926 d'un
1217 2894 1399 2941 moyen
1439 2880 1767 2929 subordonne
1804 2878 1835 2928 ὲ
1872 2881 1921 2929 la
1950 2881 2022 2929 fin
2052 2881 2281 2946 supreme

308 2955 373 3003 de
409 2954 456 3003 la
497 2956 734 3005 creation.
810 2957 962 3007 Donc
999 2958 1072 3007 les
1107 2959 1223 3023 plus
1260 2959 1438 3028 bautes
1474 2960 1782 3028 per-sections
1819 2961 1887 3009 du
1936 2963 2125 3011 monde
2172 2960 2278 3010 eree

309 3051 372 3082 ne
424 3036 638 3084 seraient
689 3052 780 3099 pas
831 3038 1215 3087 subordonnees
1266 3036 1296 3085 ὲ
1348 3039 1397 3086 la
1448 3038 1518 3086 fin
1569 3039 1801 3104 supreme
1838 3040 1991 3090 dela
2029 3042 2278 3097 creatiom

309 3114 416 3163 cela
455 3114 585 3163 n'est
622 3132 712 3179 pas
749 3116 988 3179 possible.
1028 3143 1099 3151 -—
1136 3119 1218 3166 De
1256 3118 1355 3178 fait,
1398 3119 1726 3169 considerons
1764 3120 1812 3168 la
1850 3119 1919 3167 fin
1959 3120 2193 3185 supreme
2219 3121 2278 3167 de
2341 3108 2342 3123 ³

307 3194 357 3241 la
394 3202 571 3243 nature
611 3195 846 3243 humaine
884 3197 951 3244 du
989 3196 1106 3246 cote
1143 3199 1207 3246 de
1246 3199 1382 3246 Dieu
1420 3202 1471 3247 et
1510 3199 1579 3246 du
1617 3198 1732 3249 cote
1771 3200 1835 3249 de
1873 3199 2127 3250 l'homme.
2198 3200 2277 3247 Du

307 3273 420 3321 cote
472 3275 536 3321 de
587 3275 746 3322 Dieu:
805 3290 903 3337 que
953 3277 1101 3324 serait
1150 3278 1199 3325 la
1248 3277 1408 3341 gloire
1458 3278 1524 3325 de
1575 3278 1711 3327 Dieu
1762 3296 1880 3328 sans
1922 3280 2134 3329 liberte?
2185 3296 2277 3344 que

307 3350 600 3397 vaudraient
629 3366 732 3397 -aux
769 3367 900 3412 yeux
937 3353 1006 3400 du
1033 3355 1274 3403 Createur
1312 3357 1403 3404 des
1440 3354 1928 3421 hotrimages·forc6s
1954 3356 2021 3407 οὺ
2045 3360 2273 3409 l'homme
2339 3390 2340 3417 ¹

309 3440 372 3471 ne
422 3427 570 3472 serait
620 3440 717 3487 que
768 3427 1104 3479 l’instrument
1152 3433 1317 3497 passis
1365 3434 1430 3481 de
1480 3450 1537 3482 sa
1588 3436 1795 3485 volonte
1833 3440 2272 3502 toute-puissante?
2338 3420 2340 3432 ⁴
