2367 3850
126 237 219 274 DE.
266 236 613 274 PRAECIPUIS
656 237 999 274 PoTEsTATls
1036 236 1245 275 entius
1281 235 1512 274 IURIBUS
1547 237 1620 274 ΕΤ
1654 237 1915 275 Orneus,
1993 234 2094 288 347

83 384 503 536 nathtgraliUind
514 403 590 445 ea
628 394 859 445 tanuun
886 385 1272 463 inquiramuS,
1317 403 1472 462 quae
1501 385 1728 445 ordinis
1765 395 1902 446 sunt
1936 395 2098 444 natu-

88 494 160 533 ra
246 521 261 534 .
418 493 461 532 n
504 491 572 534 e:

228 621 499 680 Assertio
525 621 577 679 L
618 651 697 662 —
745 640 770 674 α
784 621 1068 696 Οὐῖιζξαίὶο
1108 628 1163 679 et
1201 623 1292 680 ius
1331 620 1586 694 erigendi
1620 620 1837 678 scholas
1876 620 2098 677 elemen-

94 712 305 769 tarias
350 720 461 788 per
510 728 569 769 se
608 712 899 788 primario
939 711 1218 786 familiae
1258 710 1615 768 incumbit.»¹
1699 711 1775 768 Se
1782 707 1976 785 quitur
2027 725 2100 766 ex

96 817 197 870 e0,
248 801 425 878 quod
477 800 567 860 ius
609 811 669 860 et
709 800 997 876 obligatio
1038 801 1276 859 scholas
1317 798 1590 875 erigendi
1628 797 1777 858 nihil
1818 797 1978 856 aliud
2027 796 2102 856 sit

94 888 219 947 nisi
288 889 559 948 extensio
618 889 758 948 iuris
828 899 888 949 et
952 889 1333 966 obligationis
1390 889 1614 948 liberos
1671 885 2101 947 convenienter

98 977 436 1038 educandi.
522 978 827 1054 Obligatio
867 997 1013 1038 vero
1055 977 1428 1038 educationis
1474 978 1817 1049 liberorum,
1859 982 2101 1053 specmto

100 1067 317 1125 ordine
355 1069 634 1137 naturali,
678 1069 756 1127 ad
793 1077 1073 1144 parentes
1108 1067 1369 1144 pertinet
1405 1084 1629 1142 eosque
1667 1066 1844 1125 solos,
1912 1064 2102 1123 ‹Edu-

103 1156 273 1216 catio
339 1157 503 1216 enim
566 1168 657 1217 est
717 1175 829 1232 per
891 1175 957 1217 se
1018 1158 1249 1216 bonum
1309 1155 1726 1227 domesticum,
1793 1155 1874 1213 ad
1936 1151 2101 1230 quod

101 1247 557 1321 assequendum
586 1247 717 1324 ipsa
744 1245 968 1305 familia
1008 1265 1045 1305 a
1077 1248 1216 1306 Deo
1243 1245 1506 1304 instituta
1547 1255 1652 1317 est,
1693 1261 1812 1302 nec
1853 1252 1943 1302 est
1981 1242 2101 1300 hoc

100 1335 341 1393 bonum
382 1336 702 1408 eiusmodi,
760 1336 927 1412 quod
981 1353 1109 1394 11011
1158 1333 1349 1411 possit
1387 1333 1718 1410 generatim
1761 1351 1870 1409 per
1909 1331 2100 1406 ipsam

104 1424 401 1483 familiam
430 1425 793 1485 sufficienter
820 1424 1045 1500 attingi.
1090 1425 1256 1500 Ergo
1287 1425 1498 1482 saltem
1525 1423 1753 1482 directe
1791 1421 1869 1479 ad
1906 1417 2102 1480 activi-

104 1523 299 1572 tatem
339 1515 703 1574 auctoritatis
744 1515 1024 1590 politicae
1065 1531 1194 1572 non
1235 1512 1545 1589 pertinet.»
1565 1513 1588 1546 ¹

230 1613 455 1688 Neque
496 1615 699 1673 valent
739 1613 1020 1684 rationeS,
1065 1631 1220 1688 quae
1278 1630 1352 1671 ex
1403 1610 1653 1669 adversa
1694 1618 1861 1683 parte
1904 1603 2102 1664 afferri

105 1703 309 1760 solent
358 1703 439 1761 ad
495 1702 583 1762 ius
633 1702 779 1760 illud
822 1701 1154 1761 auctoritati
1197 1700 1471 1777 publicae
1510 1697 1907 1757 tribuendum.
1982 1694 2102 1752 Ab·

104 1791 290 1850 surde
319 1792 481 1850 enirn
526 1811 563 1850 a
590 1791 894 1850 nonnullis
921 1790 1274 1867 supponitur
1313 1791 1431 1848 hoc
1471 1789 1559 1847 ius
1587 1785 1916 1846 auctoritati
1945 1781 2103 1842 civili

106 1891 481 1957 competere,
526 1883 665 1959 quia
702 1880 873 1941 liberi
908 1881 1026 1939 sint
1062 1879 1313 1938 membra
1342 1878 1597 1937 civdatzls.
1657 1874 1718 1935 Si
1748 1874 1990 1950 quidem
2018 1871 2101 1929 in·

109 1970 311 2028 fantes
364 1989 493 2029 non
548 1981 683 2029 sunt
736 1970 1011 2029 membra
1064 1968 1315 2027 civitatis
1369 1967 1482 2027 nisi
1523 1966 1798 2023 mediante
1834 1963 2100 2038 familia,

112 2058 282 2119 euius
324 2059 453 2119 iura
496 2059 815 2119 auctoritas
855 2058 1041 2118 civilis
1076 2056 1228 2116 tueri
1266 2056 1464 2115 debet.
1527 2056 1741 2129 Neque
1769 2049 2102 2111 auctoritati

116 2148 205 2208 ius
250 2150 544 2226 competit
583 2149 811 2209 directe
868 2147 1071 2207 omnia
1125 2144 1370 2221 negotia
1410 2144 1810 2203 membrorum
1861 2158 2105 2208 suorum

119 2238 392 2311 curandi,
448 2239 592 2298 licet
644 2238 729 2297 ita
782 2256 847 2297 se
903 2234 1300 2295 immiscendo
1354 2232 1672 2309 plurimum
1713 2232 1937 2289 bonurn
1993 2228 2104 2303 ipsi

120 2327 393 2387 societati
448 2338 749 2403 procuret.
832 2326 1101 2386 Maxima
1156 2323 1318 2382 enim
1374 2340 1447 2381 ex
1499 2319 1602 2377 tali
1655 2319 1838 2377 modo
1885 2316 2104 2393 agendi

120 2416 265 2492 ipsis
306 2416 608 2477 societatis
648 2414 935 2475 membris
960 2422 1352 2472 nascerentur
1378 2407 1781 2467 incommoda.
1841 2406 2106 2463 Societas

120 2524 268 2565 vero
306 2524 436 2565 non
472 2524 587 2582 pro
628 2524 695 2565 se
732 2505 863 2580 ipsa
890 2502 1129 2571 exsistit,
1174 2501 1285 2559 sed
1325 2519 1360 2556 a
1399 2508 1610 2555 natura
1638 2496 1715 2553 ad
1745 2494 2104 2571 privatorum

121 2597 351 2655 bonum
378 2595 711 2655 fovendum
748 2604 810 2653 et
836 2591 1177 2667 augendum
1204 2587 1464 2646 instituta
1505 2595 1607 2643 est.
1665 2584 1742 2641 Et
1769 2602 1833 2642 re
1864 2582 2104 2657 quidem

122 2704 284 2758 vera,
333 2683 418 2744 «si
454 2676 717 2744 'societas
756 2690 958 2758 posset
985 2679 1212 2738 directe
1251 2674 1453 2735 omnia
1490 2672 1788 2743 ordinare,
1830 2692 1866 2729 a
1897 2670 2106 2746 quibus

126 2774 250 2833 eius
290 2775 522 2833 bonum
551 2772 873 2848 plurimum
900 2767 1226 2844 dependet,
1269 2771 1471 2839 posset
1498 2761 1702 2821 omnia
1741 2759 2106 2819 subditorum

126 2864 253 2923 iura
306 2863 419 2923 sibi
476 2879 781 2937 arrogare,
837 2878 893 2917 v.
937 2876 995 2932 g.
1054 2852 1482 2932 praescribere,
1542 2849 1784 2925 quinam
1838 2848 1992 2905 inter
2044 2864 2106 2904 se

127 2951 510 3013 matrimonio
553 2949 737 3025 iungi,
781 2945 1091 3023 quomodo
1134 2940 1348 3017 singuli
1387 2940 1566 3010 vesci,
1610 2937 1806 2996 vestiri
1849 2946 1908 2995 et
1947 2933 2107 2992 habi-

128 3054 252 3102 tare
292 3042 578 3111 debeant,
623 3049 687 3097 ut
728 3037 943 3095 milites
985 3032 1348 3092 robustiores
1388 3029 1734 3095 habeantur,
1778 3035 1926 3083 etc.»
1949 3024 1970 3055 ⁸

250 3269 267 3301 ¹
303 3271 384 3319 Ita
426 3269 684 3327 Cathrein,
721 3263 917 3313 Philos.
954 3276 1078 3311 mor.
1119 3276 1169 3324 p.
1211 3271 1334 3320 401.

249 3349 271 3382 ²
305 3351 437 3401 Ibid.
478 3366 531 3414 p.
575 3346 697 3412 398.

251 3430 273 3463 ⁸
308 3431 443 3480 Ibid.
483 3446 536 3494 p.
579 3439 699 3490 399.
766 3424 845 3473 Cf.
886 3422 1033 3471 etiam
1070 3413 1561 3480 Moralphilosophie
1600 3412 1677 3471 H,
1722 3422 1839 3474 559.
