2367 3850
8 0 19 11 Γ
630 0 641 4 '¹‘
668 0 786 18 .-ᾐΓ
807 0 813 2 “
849 0 857 2 ”
883 0 918 4 '-
936 0 950 11 ἰ
985 0 992 2 “
1068 0 1088 2 ⁴*
1147 0 1152 2 ”
1173 0 1177 3 ⁷
1195 0 1198 1 ⁷

516 219 595 254 DE
632 219 1027 256 BEATITUDINE
1066 219 1378 256 OBIECTIVA
1417 219 1684 256 HOMINIS.
1989 220 2085 269 143

56 364 262 422 culari
282 411 297 435 ‚
366 366 545 440 quod
597 367 834 425 animae
888 366 1173 442 spirituali
1226 377 1286 426 et
1327 368 1716 443 cognoscenti
1758 368 2090 426 universale

60 454 351 512 maxime
400 465 495 512 est
538 451 1157 531 improportionatum.

198 563 259 617 3.
308 543 503 600 Bona
540 546 777 602 animae.
851 547 1027 604 Haec
1055 555 1191 604 sunt
1217 555 1318 604 aut
1344 545 1475 621 ipsa
1502 545 1738 604 animae
1766 545 2090 604 substantia

64 651 215 688 cum
276 633 414 690 suis
469 633 845 694 facultatibus
863 680 875 704 ,
933 645 1033 693 aut
1074 644 1210 692 sunt
1249 635 1412 692 bona
1453 633 1741 710 acquisita
1781 652 1891 709 per
1930 651 2091 694 exer·

61 721 287 779 citium
334 723 711 794 facultatum,
756 723 982 782 scilicet
1023 724 1221 795 virtuS‚
1267 743 1362 781 ars
1404 733 1516 782 etc.

194 813 345 870 Iam
407 827 585 870 vero:
643 807 700 886 a)
744 813 937 888 Ipsam
984 814 1237 870 animam
1278 815 1340 870 in
1379 830 1437 869 se
1478 811 1872 870 condiciones
1913 831 2089 887 supra

66 900 283 958 dictas
326 900 565 959 habere
605 919 730 958 non
771 919 947 976 posse
965 948 993 972 ‚.
1023 911 1190 977 patet
1231 919 1305 959 ex
1345 900 1488 977 ipsis
1531 901 1656 959 eius
1697 900 2088 971 facultatibuS,

68 1007 243 1063 quae
294 991 629 1048 ostendunt
669 991 932 1048 animam
974 991 1049 1048 ab
1093 991 1431 1049 extrinseco
1473 990 1898 1066 complendam
1941 1009 2088 1048 esse.

195 1073 277 1153 b)
323 1079 627 1136 Potentiae
653 1089 789 1138 sunt
813 1089 1061 1156 propter
1088 1089 1270 1151 actus,
1315 1078 1580 1138 similiter
1619 1079 1796 1138 etiam
1838 1079 2088 1137 habitus,

198 1164 271 1242 c)
317 1167 450 1244 Ipsi
478 1167 740 1244 denique
769 1176 924 1227 actus
950 1169 1284 1228 intellectus
1313 1177 1372 1227 et
1399 1169 1716 1227 voluntatis
1743 1169 2090 1244 dependent

68 1277 107 1314 a
165 1258 304 1315 suis
365 1257 621 1316 obiectis
674 1267 734 1316 et
786 1257 977 1316 solum
1032 1268 1280 1333 possunt
1327 1276 1456 1317 esse
1499 1257 1781 1333 perfecti,
1839 1257 1886 1316 si
1930 1259 2088 1315 circa

72 1348 327 1404 bonum
375 1357 443 1404 et
480 1365 687 1406 verum
729 1347 1059 1422 perfectum
1101 1357 1426 1406 versantur.
1671 1346 1678 1351 ’

202 1455 272 1506 4.
319 1435 631 1492 Bonorum
658 1437 1082 1512 praedictorum
1123 1438 1418 1510 congeries.
1505 1436 1691 1493 Nam:

198 1521 271 1598 a)
315 1524 672 1583 Inhabilitas
700 1525 935 1584 illorum
963 1527 1264 1585 bonorum
1301 1526 1379 1583 ad
1421 1524 1722 1584 beandum
1765 1523 2085 1594 hominem,

70 1633 219 1671 cum
271 1632 415 1672 non
456 1632 532 1672 ex
572 1614 809 1674 defectu
850 1614 1206 1690 quantitatiS,
1257 1614 1363 1673 sed
1407 1632 1480 1674 ex
1521 1631 1724 1672 earum
1768 1612 2086 1672 intrinseca

74 1703 390 1778 qualitate
440 1698 907 1778 (defectibilitate
950 1700 1087 1778 ete.)
1129 1704 1368 1774 oriatur,
1411 1721 1521 1779 per
1563 1702 1749 1761 solam
1791 1704 2090 1778 agglome-

74 1793 403 1852 rationem
447 1792 575 1851 tolli
614 1810 740 1851 non
780 1803 989 1868 potest.

204 1877 280 1957 b)
326 1881 723 1957 Experientia
751 1893 915 1955 teste,
960 1891 1266 1942 crescente
1296 1883 1506 1941 horum
1536 1882 1833 1941 bonorum
1863 1881 2088 1957 quanti·

74 1982 205 2031 tate
224 2018 241 2043 ‚
308 1981 569 2045 augetur
614 1972 875 2047 ipsorum
922 1973 1234 2048 appetitus.
1320 1973 1484 2047 Ergo
1527 1971 1887 2029 concludere
1928 1972 2086 2043 licet,

76 2060 331 2119 etiarnsi
377 2059 515 2135 quis
557 2062 757 2118 omnia
800 2072 1152 2137 occuparet,
1200 2078 1336 2121 eum
1379 2061 1518 2119 inde
1561 2059 1805 2118 minime
1848 2060 2086 2118 beatum

78 2150 257 2225 fore3
319 2148 476 2207 alias
534 2149 724 2220 enim,
782 2169 904 2224 quo
959 2152 1089 2225 plus
1130 2151 1278 2208 boni
1321 2150 1451 2226 quis
1494 2150 1826 2224 possideret
1867 2157 1926 2208 et
1967 2167 2088 2223 quo

77 2239 285 2315 magis
346 2238 433 2297 ad
489 2238 701 2297 limites
754 2240 970 2314 plenae
1026 2239 1307 2299 satietatis
1363 2240 1711 2309 accederet,
1770 2256 1845 2297 eo
1901 2239 2089 2314 magis

78 2330 465 2387 decrescere
508 2328 757 2387 deberet
798 2329 1109 2405 appetitus,

210 2412 275 2492 c)
320 2418 529 2475 Nemo
559 2435 840 2493 umquam
868 2420 1019 2476 haec
1049 2417 1251 2477 omnia
1288 2418 1450 2476 bona
1478 2418 1649 2475 simul
1691 2416 1955 2491 possedit
1994 2418 2090 2475 vel

78 2505 415 2581 possidere
459 2505 730 2581 poterit.»
762 2507 777 2538 ¹

212 2606 295 2662 ΙΙ.
327 2604 631 2661 Probatur
634 2612 784 2679 pars
802 2603 1208 2679 affirmativa:
1234 2604 1542 2662 Beatitudo
1565 2604 1828 2661 obiectiva
1849 2603 2090 2660 hominis

79 2697 145 2750 in
190 2693 335 2751 Deo
378 2710 589 2750 revera
628 2694 932 2751 invenitur.
1018 2694 1290 2752 Etenim:

210 2783 489 2840 Necesse
522 2791 609 2839 est
638 2792 866 2841 exstare
903 2782 1205 2841 obiectum
1243 2782 1489 2857 aliquod
1531 2783 1690 2841 reale
1734 2790 1795 2839 et
1835 2783 2084 2852 actuale,

79 2872 262 2945 quod
292 2869 590 2947 appetitui
626 2870 878 2929 naturali
918 2870 1175 2930 hominis
1217 2872 1280 2929 in
1320 2872 1546 2930 bonum
1588 2871 1919 2929 universale
1963 2888 2088 2927 cor·

82 2960 469 3035 respondeat
514 2954 715 3036 (supra
741 2980 798 3035 p.
838 2955 989 3037 139).
1060 2960 1246 3037 Atqui
1274 2961 1499 3019 bonum
1529 2960 1756 3018 finitum
1786 2960 2087 3018 obiectum

82 3050 242 3107 illud
273 3068 409 3109 esse
442 3068 571 3108 non
600 3059 812 3124 potest.
871 3052 1035 3125 Ergo
1062 3051 1290 3109 bonum
1317 3050 1608 3108 infinitum
1638 3061 1774 3107 actu
1803 3048 2086 3107 exsistens

84 3149 181 3197 est
226 3138 551 3199 obiectum
581 3138 750 3197 huius
792 3139 1085 3215 appetitus
1126 3139 1444 3198 naturalis:
1504 3138 1657 3197 inter
1697 3138 1922 3196 bonum
1964 3136 2087 3193 fini-

84 3242 222 3285 tum
252 3227 421 3286 enim
451 3236 514 3285 et
540 3228 766 3286 bonum
797 3228 1087 3286 infinitum
1108 3229 1170 3285 in
1192 3228 1404 3287 ordine
1424 3228 1660 3287 realiter
1681 3226 2086 3285 exsistentium

232 3405 245 3437 ¹
292 3408 531 3456 Catlzret'n
570 3406 601 3455 1.
643 3424 685 3455 c.
726 3424 775 3471 p.
824 3407 901 3456 18.
949 3420 1026 3467 19.
