2367 3850
1183 0 1238 15 *⁴3*
1263 0 1308 14 ῩΠ
1326 0 1508 23 ἿΥΞἿἿῘΒ“

1439 28 1453 36 ι

289 236 394 272 220
919 237 1251 274 THEOLOGIA
1293 237 1633 274 NATURALIS.

284 383 948 460 praedeterminationis
988 383 1262 456 admissa,
1304 383 1653 444 difficillime
1682 385 2257 461 intellegitur·Deum

285 473 364 532 ad
405 472 708 532 actionem
749 473 1055 548 physicam
1098 473 1333 547 peccati
1376 486 1838 534 concurrentem
1880 493 2009 534 non
2038 482 2153 549 per
2184 491 2258 529 ac-

281 563 468 620 cidens
495 579 740 622 causare
770 562 962 637 ipsum
991 573 1307 639 peccatum
1346 581 1465 638 qua
1493 564 1849 639 pravitatem
1876 564 2217 622 moralem.»
2245 564 2260 593 ¹

407 651 570 727 Ergo
629 652 965 728 praemotio
1025 651 1276 727 physica
1336 652 1673 723 reicienda,
1738 671 2068 711 concursus
2127 670 2259 709 vero

287 740 669 800 simultaneus
711 741 1006 800 tenendus
1049 758 1180 800 esse
1222 741 1471 801 videtur.

405 857 471 914 B.
530 855 824 914 Statuitur
875 857 1152 914 sententia
1202 857 1533 916 thomz‘stica.
1592 856 1941 915 Thomistae
1983 873 2134 914 vero
2174 855 2263 911 via

286 954 347 1003 et
401 945 630 1003 ratione
687 964 722 1002 a
778 944 1078 1022 principio
1133 954 1330 1004 motus
1384 945 1835 1021 progrediendo
1891 947 1971 1004 ad
2036 944 2260 1002 conclu-

288 1033 520 1092 sionem
561 1052 729 1092 suam
771 1033 856 1093 sic
898 1033 1253 1092 deveniunt:

2347 1052 2348 1101 1

413 1131 711 1206 Quidquid
757 1139 1028 1202 movetur,
1090 1133 1162 1190 ab
1216 1135 1333 1190 alio
1385 1139 1655 1191 movetur.
1741 1133 1849 1190 Est
1908 1128 2259 1206 principium
2347 1113 2348 1136 ¹

287 1219 536 1278 omnino
595 1220 927 1281 universale
944 1267 958 1292 ,
1029 1231 1092 1279 ut
1159 1221 1223 1278 in
1291 1221 1601 1297 ontologia
1664 1221 1997 1280 luculenter
2058 1218 2260 1293 proba·
2346 1206 2348 1296 Ι

285 1319 410 1368 tum
453 1320 540 1368 est
559 1310 597 1368 ².
2346 1309 2348 1363 1

409 1399 594 1474 Atqui
635 1417 844 1458 omnes
887 1410 1211 1472 creaturae,
1259 1419 1387 1458 non
1430 1401 1669 1458 exclusa
1708 1400 2012 1458 voluntate
2057 1397 2255 1465 libera,

287 1487 348 1545 in
391 1488 508 1546 suis
551 1487 778 1547 actibus
818 1496 1114 1548 moventur
1124 1511 1145 1560 ,·
1202 1499 1504 1548 transeunt
1547 1488 1709 1547 enim
1765 1505 1975 1546 omnes
2032 1488 2113 1546 de
2168 1503 2261 1560 po·

285 1577 472 1635 tentia
513 1576 734 1653 agendi
775 1578 854 1636 ad
895 1587 1112 1637 actum.

407 1667 570 1742 Ergo
613 1684 823 1725 omnes
867 1677 1170 1726 creaturae
1189 1713 1203 1738 ,
1263 1685 1387 1726 non
1430 1668 1669 1726 exclusa
1709 1667 2013 1725 voluntate
2060 1666 2254 1734 libera,

287 1755 350 1812 in
394 1755 511 1813 suis
553 1756 783 1815 actibus
826 1767 1140 1815 moventur
1180 1757 1258 1814 ab
1301 1755 1437 1815 alio,

409 1844 529 1902 Sed
570 1845 797 1902 moveri
840 1846 917 1902 ab
961 1845 1081 1903 alio
1123 1845 1283 1904 idem
1330 1857 1418 1904 est
1461 1865 1534 1904 ac
1576 1846 1733 1903 educi
1770 1845 1847 1904 de
1890 1843 2161 1920 potentia
2186 1842 2255 1900 ad

287 1944 485 1992 actum
527 1935 603 1992 ab
646 1935 782 2007 ali0,
827 1936 923 1994 vel
965 1936 1028 1993 in
1070 1935 1202 2010 ipso
1245 1935 1495 1994 transitu
1537 1936 1613 1995 de
1658 1935 1926 2012 potentia
1963 1936 2041 1994 ad
2072 1942 2253 1993 actum

287 2022 638 2081 intrinsecus
681 2024 1033 2100 dependens
1071 2042 1201 2083 esse
1230 2025 1307 2083 ab
1337 2025 1575 2084 actione
1605 2024 1871 2095 motoriS,
1916 2024 1997 2082 ita
2022 2034 2090 2081 ut
2118 2024 2258 2081 inter

289 2111 588 2170 actionem
630 2113 875 2171 motoris
918 2124 978 2172 et
1018 2114 1327 2172 transitum
1370 2114 1448 2173 de
1490 2113 1759 2189 potentia
1802 2114 1882 2172 ad
1938 2123 2137 2171 actum
2192 2110 2254 2167 sit

288 2201 562 2277 prioritas
620 2210 885 2262 naturae.
971 2203 1414 2277 Quodcumque
1471 2213 1668 2262 autem
1711 2202 1990 2260 auxilium
2032 2203 2255 2260 collate-

287 2292 411 2349 rale
466 2291 560 2349 vel
616 2290 1030 2351 simultaneum
1085 2291 1379 2350 rationem
1436 2292 1831 2351 sufficientem
1874 2292 2044 2348 totius
2101 2291 2254 2349 huius

286 2380 562 2439 transitus
603 2398 728 2438 non
770 2382 971 2451 affert,
1029 2381 1170 2455 quia
1211 2399 1451 2456 semper
1489 2380 1775 2456 supponit
1816 2391 2151 2439 creaturam
2200 2380 2252 2435 in

287 2469 488 2546 aliqua
530 2469 738 2528 saltem
780 2479 950 2545 parte
995 2469 1247 2528 actionis
1287 2488 1401 2527 sese
1440 2472 1622 2546 ipsam
1662 2489 1915 2539 movere,
1973 2470 2143 2545 quod
2180 2478 2255 2527 est

287 2569 498 2617 contra
539 2558 897 2635 principium
939 2578 1118 2636 supra
1158 2558 1462 2617 laudatum
1482 2560 1519 2617 ⁸.

407 2651 571 2723 Ergo
598 2649 868 2706 voluntas
896 2649 1102 2719 libera,
1133 2667 1269 2706 cum
1299 2668 1335 2705 a
1355 2650 1486 2706 solo
1509 2651 1645 2707 Deo
1665 2659 1979 2707 moveatur
1998 2642 2077 2724 (p.
2108 2641 2249 2720 217),

288 2738 364 2796 ad
423 2748 620 2795 actum
682 2755 852 2795 suum
907 2737 1161 2796 liberum
1224 2757 1259 2795 a
1319 2740 1455 2797 Deo
1518 2748 1788 2796 movetur
1848 2737 2249 2813 praemotione

285 2826 549 2902 physica.

411 3019 428 3051 ¹
469 3022 683 3072 Boedder
716 3022 748 3071 l.
790 3039 832 3071 c.
872 3039 922 3086 p.
965 3035 1065 3084 322
1106 3031 1157 3071 et
1196 3035 1314 3085 323.
1463 3021 1486 3053 ⁹
1524 3023 1601 3072 Cf.
1642 3022 1740 3071 vol.
1780 3023 1821 3082 Ι,
1864 3034 1967 3083 229
2007 3033 2057 3071 et
2097 3035 2209 3085 230.

406 3100 427 3132 ⁸
463 3102 582 3151 Non
622 3104 828 3162 desunt,
884 3104 1064 3152 nostris
1101 3104 1394 3167 praesertim
1432 3103 1743 3168 temporibus
1762 3141 1773 3163 ,
1819 3103 2135 3161 molinistae,
2174 3102 2247 3167 qui

285 3182 570 3247 exemplum
608 3183 819 3232 duorum
871 3199 1112 3247 equorum
1165 3202 1195 3231 a
1232 3184 1426 3233 Molina
1476 3184 1683 3233 allatum
1734 3184 2029 3244 reicientes‚
2086 3200 2244 3233 nomen

285 3280 403 3312 vero
443 3279 716 3312 concursus
754 3264 1037 3311 simultanei
1071 3264 1396 3313 nihilominus
1422 3265 1712 3324 retinentes,
1754 3281 1858 3314 rem
1884 3266 2068 3314 eodem
2094 3265 2245 3323 modo,

285 3358 385 3405 quo
422 3342 508 3390 hic
546 3358 664 3401 nos,
704 3344 974 3407 explicant.
1051 3344 1178 3392 Cum
1214 3345 1297 3392 his
1333 3345 1552 3409 proinde
1591 3362 1697 3393 non
1734 3354 1813 3394 est
1851 3346 1951 3395 nisi
1990 3346 2243 3411 disputatio

286 3422 349 3467 de
385 3434 541 3468 voce:
593 3435 723 3483 quae
759 3422 961 3484 quidem
999 3423 1280 3488 disputatio
1316 3425 1425 3473 viro
1460 3424 1775 3489 philosopho
1813 3427 1969 3492 digna
2011 3443 2116 3476 non
2164 3434 2239 3475 est.
