2367 3850
100 233 173 268 nn
212 232 415 268 Doc’rn.
456 232 659 269 scum„
700 234 871 270 CIRCA
908 234 1009 269 nm
1050 233 1456 270 COGNITIONEM
1499 233 1871 271 NATURALEM.
1965 223 2070 282 167

222 399 275 438 2.
324 380 641 456 Scientifica
684 399 827 440 vero
870 381 1299 441 demonstratio
1343 399 1416 440 ea
1457 393 1575 453 est,
1633 401 1789 458 quae
1844 385 1908 442 fit
1960 401 2080 439 cum

106 470 409 540 cognitione
450 471 672 544 reflexa
713 470 971 530 veritatis
1015 470 1469 547 praemissarum
1499 469 1916 546 rationumque
1957 489 2080 530 om-

103 557 285 628 nium,
333 558 550 633 quibus
593 559 1119 634 argumentationis
1160 561 1329 618 valor
1371 560 1650 619 innititur.

215 649 349 704 Iam
388 666 537 706 vero
595 649 657 706 in
711 649 907 708 multis
948 650 1522 724 argumentationem
1579 650 1674 708 vel
1716 649 2082 710 demonstra·

96 737 325 794 tionem
380 739 691 812 vulgarem
746 739 1017 798 sufficere
1033 785 1047 810 ,
1105 740 1260 797 ultro
1301 737 1706 798 concedimus
1790 739 1954 798 Talis
1993 751 2084 798 est

104 845 153 883 e.
193 844 251 899 g.
295 825 751 897 demonstratiO,
810 845 928 902 qua
967 827 1057 884 vir
1103 827 1378 887 indoctus
1421 844 1496 886 ex
1537 827 1918 888 considerato
1961 827 2078 886 hoc

103 915 311 974 ordine
354 916 566 974 mundi
598 917 678 974 ad
704 917 917 988 Deum,
963 917 1133 975 huius
1173 917 1379 976 mundi
1409 917 1816 976 ordinatorem
1845 917 2076 994 sapien-

108 1003 405 1075 tissimum,
452 1005 719 1080 assurgit,
762 1005 872 1064 sub
906 1006 1128 1064 lumine
1170 1004 1450 1082 principii
1491 1005 1848 1066 causalitatis
1893 1016 1953 1065 et
1993 1027 2082 1065 ra·

107 1092 275 1150 tionis
319 1093 685 1166 sufficienti5‚
730 1094 873 1169 quin
916 1095 1130 1154 horum
1156 1093 1589 1170 principiorum
1618 1095 1840 1154 habeat
1880 1095 2080 1170 cogni·

110 1183 327 1240 tionem
369 1183 870 1259 philosophicam.
956 1184 1055 1244 Sic
1110 1185 1288 1242 etiam
1345 1184 1540 1244 omnis
1593 1184 1779 1244 homo
1833 1203 1906 1244 ex
1948 1186 2079 1260 lege

108 1272 352 1330 naturali
394 1272 570 1330 cordi
612 1272 781 1348 quasi
808 1273 1092 1348 inscripta
1120 1272 1370 1348 assurgit
1397 1272 1476 1331 ad
1508 1273 1914 1349 cognitionem
1943 1275 2078 1344 Dei,

108 1361 460 1436 legislatoris
500 1361 764 1436 supremi
822 1373 883 1420 et
922 1363 1169 1422 domini.
1257 1362 1430 1435 Quae
1485 1362 1916 1422 demonstratio
1957 1373 2076 1422 tam

110 1450 261 1507 facili
321 1461 493 1508 motu
542 1451 873 1510 intellectus
930 1453 993 1508 fit
1046 1463 1107 1510 et
1161 1453 1495 1523 voluntatiS,
1555 1463 1620 1510 ut
1676 1451 1948 1511 nonnulli
2005 1470 2076 1511 ex

112 1539 207 1598 SS.
248 1539 525 1598 Patribus
569 1540 646 1598 de
689 1540 993 1600 tendentia
1034 1540 1134 1598 illa
1186 1542 1442 1599 naturali
1496 1542 1824 1617 cogitantes
1881 1541 2079 1616 cogni·

109 1628 327 1686 tionem
366 1628 489 1686 Dei
544 1627 795 1687 inditam
847 1630 943 1688 vel
983 1629 1251 1689 innatam
1292 1647 1422 1690 esse
1477 1629 1760 1702 dixerint,
1818 1631 2076 1708 animam

108 1717 443 1776 naturaliter
485 1717 799 1776 docuerint
840 1735 969 1778 esse
1011 1720 1409 1791 christianam,
1455 1717 1570 1776 alia
1610 1718 1919 1777 eiusmodi.

216 1807 439 1882 Neque
494 1817 697 1865 tamen
751 1807 813 1864 in
868 1808 1145 1866 omnibus
1199 1808 1351 1867 haec
1403 1809 1658 1883 vulgaris
1711 1807 1924 1866 sufficit
1979 1808 2076 1867 de·

106 1896 467 1955 monstratiO.
546 1896 752 1955 «Licet
791 1895 952 1955 enim
993 1896 1071 1957 ad
1111 1896 1292 1956 fidem
1336 1896 1596 1956 divinam
1638 1895 2078 1973 suscipiendam

109 1986 373 2045 sufficere
418 1986 606 2062 possit
647 1986 826 2044 obvia
866 1987 990 2058 illa,
1046 2004 1201 2061 quae
1244 1997 1460 2061 sponte
1501 1987 1777 2058 nascitur,
1822 1987 1939 2045 Dei
1981 2005 2077 2044 co·

111 2074 322 2148 gnitiO,
386 2075 468 2134 ad
508 2076 668 2133 hanc
708 2085 909 2133 tamen
950 2093 1077 2133 non
1116 2076 1304 2135 modo
1359 2075 1787 2150 perficiendam
1842 2076 1948 2135 sed
1987 2076 2078 2131 fir-

112 2162 383 2221 mandam
441 2182 685 2239 quoque
727 2163 883 2223 utilis
936 2183 1008 2221 ac
1050 2182 1233 2240 saepe
1287 2165 1625 2223 necessaria
1681 2175 1769 2223 est
1812 2164 2077 2240 legitima

110 2252 551 2312 demonstratio,
623 2254 796 2327 Quae
840 2252 1219 2311 etiamsinon
1263 2264 1416 2313 esset
1443 2252 1750 2325 eiusmodi,
1797 2264 1857 2311 ut
1884 2253 2075 2312 rudio-

110 2340 257 2401 ribus
318 2360 565 2417 quoque
625 2342 879 2418 ingeniis
939 2341 1123 2417 possit
1182 2342 1659 2401 accommodari:
1722 2342 1814 2401 his
1872 2352 2072 2401 tamen

111 2431 346 2502 prodest
402 2430 723 2506 plurimum
779 2430 961 2503 scire,
1019 2451 1055 2489 a
1094 2430 1236 2489 viris
1292 2430 1483 2490 doctis
1540 2449 1673 2490 eam
1729 2441 1938 2489 contra
1992 2430 2074 2489 in-

114 2519 374 2578 credulos
419 2520 637 2579 invicte
681 2520 941 2578 defendi.
1012 2520 1218 2596 Neque
1259 2521 1409 2578 ullus
1449 2539 1617 2578 error
1656 2527 1853 2577 nostra
1892 2526 2076 2577 aetate

106 2611 464 2681 perniciosior
516 2611 735 2667 exstitit
784 2610 883 2667 illo
897 2654 915 2678 ,
974 2628 1136 2685 quem
1195 2610 1268 2667 ab
1320 2611 1507 2685 impiis
1561 2610 1832 2667 invectum
1870 2608 2074 2683 fideles

110 2698 261 2754 multi
297 2701 520 2756 incaute
558 2706 945 2774 susceperunt:
985 2700 1181 2757 Deum
1208 2700 1444 2774 pietatis
1488 2697 1727 2771 quodam
1773 2716 1936 2755 sensu
1977 2705 2072 2772 ap-

102 2787 386 2859 prehendi,
430 2788 531 2845 sed
564 2789 787 2845 ratione
828 2804 940 2845 non
980 2788 1413 2845 demonstrari.»
1444 2788 1460 2818 ¹

218 2876 420 2935 Deum
473 2876 753 2935 exsistere
809 2877 1205 2936 demonstrari
1248 2876 1501 2947 debere,
1559 2875 1821 2950 sequitur
1861 2892 1934 2932 ex
1977 2892 2068 2945 e0,

116 2965 265 3036 quod
306 2965 501 3040 ipsum
528 2965 841 3024 intuitione
869 2984 993 3024 non
1022 2965 1310 3023 videmus
1379 2966 1622 3023 Praeter
1665 2964 2070 3039 cognitionem

115 3051 257 3111 enim
314 3054 644 3112 intuitivam
700 3049 921 3113 nullam
964 3054 1140 3113 aliam
1180 3054 1268 3113 rei
1315 3053 1720 3129 cognitionem
1775 3052 2070 3110 internam

116 3141 385 3201 habemus
428 3142 539 3203 nisi
582 3144 983 3203 discursivam.

221 3336 239 3367 ¹
272 3340 549 3402 Kleutgen,
603 3340 686 3387 De
734 3339 845 3403 ipso
884 3339 999 3387 Deo
1037 3354 1086 3388 n.
1134 3347 1248 3398 137.
1325 3337 1402 3386 Cf.
1455 3336 1605 3385 etiam
1644 3334 1912 3383 Hontlceim
1948 3333 1983 3384 l.
2023 3350 2064 3383 c.

116 3433 156 3479 p.
195 3430 273 3480 50.
