2367 3850
1281 1 1287 6 ·
1349 1 1633 21 *u--ffvw

336 223 353 258 1
365 223 430 271 92
959 221 1223 260 THEOLOG
1230 221 1288 259 IA
1327 221 1668 259 NATURALIS.

328 368 698 428 indefinitum
720 415 734 441 ,
797 369 961 445 quod
1021 388 1151 429 sese
1212 369 1671 429 determinando
1732 368 2056 428 constituat
2117 385 2308 427 rerum

325 458 768 518 universitatem
829 459 914 516 in'
949 477 1176 535 genera
1197 505 1211 531 ,
1283 459 1514 535 species
1582 470 1642 518 et
1702 458 2014 518 individua
2080 457 2312 518 distine-

325 558 477 606 tam:
525 547 846 607 anathema
887 548 976 607 sit.

453 664 542 722 «5.
590 647 650 704 Si
694 647 825 721 quis
867 664 991 705 non
1036 647 1412 717 confiteatur,
1456 645 1773 717 mundum,
1820 662 2038 721 resque
2086 662 2308 716 omneS,

327 752 480 811 quae
536 735 600 794 in
641 753 716 795 eo
761 735 1169 807 continentur,
1229 745 1289 793 et
1328 732 1657 810 spirituales
1698 743 1759 792 et
1799 735 2179 805 materialeS,
2236 751 2313 791 se-

326 824 588 883 cundum
642 835 827 883 totam
869 843 1033 883 suam
1089 823 1475 883 substantiam
1532 841 1567 881 a
1610 823 1747 882 Deo
1805 840 1878 881 ex
1933 823 2134 882 nihilo
2191 841 2310 882 esse

325 914 680 989 productas3
717 968 725 972 .
1690 905 1696 910 ’

446 1022 545 1069 aut
587 1013 783 1070 Deum
839 1010 1053 1069 dixerit
1102 1028 1229 1069 non
1272 1011 1579 1069 voluntate
1622 1011 1699 1069 ab
1742 1009 1911 1068 omni
1951 1009 2307 1070 necessitate

325 1100 528 1172 libera,
574 1102 681 1159 sed
721 1111 843 1158 tam
885 1099 1224 1159 necessario
1268 1117 1518 1171 creasse,
1562 1117 1744 1174 quam
1770 1100 2126 1160 necessario
2161 1109 2310 1157 amat

325 1206 388 1247 se
431 1189 657 1264 ipsum3

445 1298 543 1345 aut
584 1287 869 1345 mundum
911 1284 988 1345 ad
1019 1286 1134 1344 Dei
1177 1286 1429 1362 gloriam
1468 1285 1775 1344 conditum
1806 1303 1939 1344 esse
1970 1286 2307 1361 negaverit:

324 1376 640 1435 anathema
681 1376 807 1434 sit.»

1151 1533 1371 1592 CAPUT
1415 1550 1453 1591 1.

453 1667 566 1724 DE
609 1666 782 1725 DEO
827 1666 1110 1725 PROUT
1153 1667 1306 1724 EST
1349 1666 1698 1724 NATURA
1742 1665 2185 1739 QUAEDAM
2355 1715 2356 1719 ,

850 1754 1297 1814 DISTINCTA
1343 1757 1399 1812 A
1442 1753 1769 1814 MUNDO.

445 1897 737 1957 Doctrina
777 1897 896 1955 hoc
939 1895 1134 1973 capite
1177 1895 1470 1955 tradenda
1511 1895 1663 1956 thesi
1690 1897 1960 1971 generali
2007 1896 2100 1956 sic
2134 1913 2304 1956 enun⁴

324 1986 455 2045 tiari
498 1997 719 2062 potest:
764 1986 930 2045 Deus
970 1994 1054 2044 est
1086 2005 1222 2056 una,
1264 1987 1594 2059 singulares,
1638 1986 1876 2061 simplex
1918 1989 2156 2045 omnino
2193 1987 2299 2044 sub

322 2079 538 2157 stantia
577 2075 912 2151 spiritualis,
959 2093 1024 2132 re
1064 2082 1120 2132 et
1157 2077 1394 2132 essentia
1434 2095 1472 2133 a
1512 2075 1720 2133 mundo
1759 2075 2090 2145 (instinctus,
2147 2086 2303 2151 super

324 2168 544 2235 omnia,
600 2184 745 2238 quae
781 2172 1014 2240 praeter
1052 2166 1234 2240 zpsum
1273 2171 1409 2222 sunt
1447 2172 1502 2222 et
1539 2166 1749 2240 concipi
1772 2172 2027 2240 possunt
2040 2210 2059 2235 ‚
2108 2165 2298 2239 ineffa-

324 2256 511 2312 biliter
550 2254 811 2322 excelsus,
854 2254 1076 2329 infinite
1103 2253 1416 2329 perfectus.

445 2352 619 2425 Quae
662 2351 893 2423 omnia,
954 2369 1089 2409 cum
1130 2351 1373 2410 maximi
1420 2351 1534 2410 sint
1576 2352 1893 2424 momenti,
1954 2372 2073 2430 per
2117 2362 2300 2429 partes

324 2443 441 2501 iam
483 2450 616 2500 sunt
657 2441 894 2499 uberius
937 2442 1333 2516 explananda.

1100 2621 1431 2668 AnrchLus
1472 2632 1506 2669 1.

727 2732 823 2781 DE
860 2731 1182 2781 INFINITA
1220 2732 1344 2781 DEI
1380 2733 1888 2784 PERFECTIONE.

729 2872 763 2939 ξ
808 2889 848 2925 1.
909 2877 1130 2926 Infinita
1169 2877 1277 2927 Dei
1314 2877 1577 2940 perfectio
1612 2878 1895 2941 probatur.

443 3009 664 3058 Thesis.
745 2999 910 3057 Deus
951 3006 1033 3056 est
1069 3000 1291 3074 infinite
1320 2998 1631 3075 perfectus.

445 3141 635 3190 Status
675 3141 1039 3203 quaestionis.
1093 3130 1256 3204 Quid
1288 3131 1360 3189 sit
1387 3131 1737 3206 perfectum,
1782 3128 2007 3189 scimus
2037 3149 2114 3189 ex
2143 3137 2292 3187 onto·
2349 3166 2350 3219 ᾗ

323 3216 487 3292 logia
510 3221 542 3279 ¹.

450 3400 465 3431 ¹
506 3404 584 3453 Cf.
626 3406 724 3455 vol.
762 3408 800 3464 Ι,
843 3407 960 3454 260.
