2367 3850
540 175 619 212 DE
658 175 1073 214 BEATITUDINE
1114 177 1434 214 OBIECTIVA
1475 178 1748 214 HOMINIS.
2065 178 2154 226 141

200 338 267 375 2.
322 321 524 380 Parte
562 340 709 380 vero
752 324 1139 399 affirmativa
1183 325 1615 384 contendimus
1658 326 1722 382 in
1753 327 1892 384 Deo
1919 324 2166 383 beatitu-

42 407 305 466 dinem
352 409 539 468 illam
584 429 799 470 revera
842 412 1126 471 inveniri.

198 507 584 582 Loquimur
611 509 712 568 hic
750 509 833 569 de
875 510 1256 569 beatitudine
1301 510 1606 569 obiectiva
1636 512 1882 587 proprie
1921 511 2072 568 dz’cta
2115 517 2172 566 et

36 593 391 668 perfecta,
431 597 604 656 cuius
632 597 1061 657 definitionem
1092 618 1280 675 supra
1308 598 1766 658 declaravimus.
1827 599 1889 657 Si
1920 597 2164 673 quidem

44 701 209 740 non
266 702 431 742 raro
474 686 873 746 beatitudinis
916 706 1179 758 nomen,
1233 705 1416 746 sensu
1460 687 1828 763 improprie,
1873 687 2170 761 accipitur

54 771 151 829 ad
206 773 697 849 designandam
739 775 1095 835 felicitatem
1138 776 1410 834 hominis
1450 795 1578 835 non
1623 775 1872 850 quidem
1915 774 2168 834 omnino

56 862 483 935 perfectam,
517 874 729 939 utpote
750 882 879 923 non
904 883 1090 923 omne
1112 865 1344 922 malum
1365 864 1808 936 excludentem,
1833 864 1943 922 sed
1964 875 2168 920 tamen

58 951 363 1010 relative
414 971 711 1028 magnam
754 954 853 1011 vel
899 953 1085 1013 etiam
1130 953 1461 1012 maximam
1482 999 1496 1024 ,
1555 971 1712 1028 quae
1755 952 1850 1011 his
1891 952 1954 1009 in
1998 951 2172 1008 terris

60 1040 135 1097 in
174 1051 379 1099 certa
424 1042 697 1116 quadam
742 1043 903 1101 vitae
950 1042 1326 1101 condicione
1368 1041 1632 1101 obtineri
1673 1041 1882 1117 possit.
1955 1040 2170 1098 Talem

64 1130 267 1188 enim
314 1130 778 1190 beatitudinem
823 1132 888 1188 in
932 1133 1115 1191 rebus
1157 1131 1382 1190 creatis
1427 1148 1638 1189 revera
1693 1129 1986 1197 inveniri,
2045 1145 2168 1185 non

66 1230 176 1277 est
243 1239 371 1277 cur
434 1237 755 1296 negemus
842 1220 981 1279 Nec
1038 1220 1348 1295 loquimur
1407 1219 1508 1278 hic
1549 1220 1630 1279 de
1672 1217 2048 1278 beatitudine
2091 1217 2170 1272 in·

68 1308 338 1377 choata,
392 1326 560 1382 quae
606 1319 775 1368 recte
820 1309 942 1368 dici
988 1319 1194 1385 potest
1239 1307 1544 1368 contineri
1585 1309 1651 1366 in
1701 1306 2025 1381 complexu
2068 1305 2168 1362 bo·

70 1416 332 1455 norum
383 1398 847 1472 temporalium,
893 1417 1035 1456 cum
1079 1399 1160 1456 ad
1205 1415 1557 1474 supremum
1600 1397 1832 1454 bonum
1874 1403 2041 1452 recte
2083 1410 2170 1450 or·

74 1487 434 1545 dinantur.

214 1584 595 1642 Perfectam
652 1583 917 1659 proinde
962 1582 1408 1642 beatitudinem
1453 1581 1818 1640 obiectivam
1861 1578 2039 1635 nobis
2081 1578 2166 1633 in-

78 1672 511 1748 quirentibus
541 1689 693 1747 prae
738 1672 931 1731 oculis
973 1671 1333 1730 habendum
1379 1680 1468 1728 est
1511 1670 1740 1726 bonum
1787 1666 1934 1724 illud
1975 1664 2168 1723 deter-

80 1764 416 1820 minatum
468 1761 775 1819 eiusmodi
818 1761 1053 1819 debere
1098 1777 1252 1832 esse,

232 1867 317 1917 1⁰.
367 1868 443 1916 ut
472 1868 731 1935 propter
758 1876 823 1917 se
855 1867 1198 1935 appetatur,
1244 1873 1372 1914 non
1403 1865 1605 1913 autem
1635 1852 1710 1911 sit
1736 1852 1962 1910 bonum
1995 1850 2162 1918 utile3

225 1963 315 2015 2⁰.
364 1966 441 2015 ut
484 1956 828 2032 appetitum
859 1956 1226 2015 rationalem
1256 1955 1442 2030 plene
1470 1952 1567 2010 vel
1597 1950 1858 2009 totaliter
1901 1947 2159 2023 quietet;

86 2046 277 2121 quod
326 2063 475 2104 esse
518 2063 651 2103 non
697 2054 899 2121 potest
941 2044 1092 2118 nisi3

226 2150 318 2219 3⁰.
369 2144 629 2201 excluso
688 2142 855 2201 omni
916 2143 1112 2213 ma10,
1173 2140 1388 2199 stabile
1433 2138 1508 2197 sit
1549 2146 1734 2211 atque
1777 2132 2160 2201 indeficiens3

228 2244 321 2313 4⁰.
371 2250 445 2297 ut
488 2239 566 2297 sit
608 2240 672 2297 in
714 2239 993 2297 omnium
1037 2246 1338 2314 potestate
1369 2236 1403 2293 ¹.

227 2398 464 2447 'rhesis
502 2397 789 2460 probatio.
878 2390 926 2444 Ι.
986 2385 1293 2443 Probatur
1334 2392 1488 2459 pars
1543 2381 1850 2453 negativa:
1906 2375 2154 2432 [Vallum

94 2478 323 2535 bonum
368 2484 636 2534 creatum
686 2478 783 2535 vel
819 2477 1070 2553 finitum
1112 2472 1516 2531 beatitudinem
1558 2469 1878 2527 obiectivam
1919 2462 2159 2519 hominis

96 2568 470 2624 constituere
500 2572 707 2642 potest.

234 2690 317 2747 A.
367 2688 744 2761 Argumenta
778 2686 1063 2761 generali.
1145 2679 1566 2758 «Impossibile
1609 2688 1697 2737 est
1725 2672 2152 2735 beatitudinem

102 2778 389 2836 hominis
439 2796 579 2835 esse
624 2778 687 2835 in
730 2776 937 2851 aliquo
981 2776 1151 2833 bono
1197 2782 1421 2829 creat0.
1507 2765 1820 2826 Beatitudo
1863 2760 2022 2821 enim
2065 2768 2151 2817 est

106 2870 355 2926 bonum
402 2867 777 2941 perfectum,
824 2863 996 2939 quod
1038 2860 1304 2920 totaliter
1346 2857 1572 2932 quietat
1613 2850 1973 2929 appetitum3
2015 2847 2152 2905 alio·

110 2956 267 3031 quin
295 2972 437 3014 non
480 2965 640 3013 esset
681 2954 923 3012 ultimus
966 2952 1119 3023 finis,
1166 2948 1214 3006 si
1260 2948 1457 3006 adhuc
1500 2952 1746 3003 restaret
1787 2937 2008 3012 aliquid
2041 2955 2148 3036 ‘ap-

112 3046 489 3120 petendum.
568 3042 895 3102 Obieetum
926 3052 1129 3098 autem
1158 3036 1494 3105 voluntatiS,
1542 3050 1695 3106 quae
1725 3038 1812 3088 est
1854 3034 2145 3101 appet1tus

34 3326 36 3329 Α
249 3274 263 3303 ¹
306 3274 392 3322 cf.
440 3274 509 3321 de
564 3274 661 3322 hac
714 3289 769 3321 re
808 3274 1001 3337 Meyer,
1057 3268 1223 3317 Instit.
1277 3267 1368 3313 iur.
1411 3277 1509 3311 nat.
1554 3264 1603 3321 1,
1645 3274 1706 3321 41
1751 3272 1824 3321 sq.
1893 3255 2138 3309 Cathreim

33 3332 86 3679 h
126 3354 250 3402 Phil.
295 3370 432 3402 mor.
478 3350 591 3415 (ed.
634 3351 694 3415 3)
736 3370 786 3417 p.
836 3362 896 3413 17
934 3366 1045 3414 sqq.
