2367 3850
298 197 384 232 DE
432 197 728 232 PRINCIPIO
765 195 984 232 ULTIMO
1020 195 1431 233 OPERATIONUM
1470 195 1983 233 VEGETATIVARUM.
2066 196 2125 232 21

221 366 224 368 ’
263 346 438 418 Ergo
481 343 543 401 in
587 343 754 402 omni
796 343 1136 418 organismo
1166 343 1603 402 admittendum
1642 354 1733 402 est
1772 342 2131 420 principium

135 432 466 507 quoddam
519 432 902 491 substantiale
958 443 1018 491 et
1073 432 1324 490 formale
1343 478 1357 503 ,
1422 433 1587 508 quod
1644 432 1719 491 sit
1771 432 2129 509 principium

130 521 418 579 ultimum
465 522 884 596 operationum
925 521 1409 597 vegetativamm.

266 654 533 712 Assertio
559 655 649 712 II.
680 685 760 694 —-
801 655 1150 730 Principium
1177 653 1443 729 formale
1481 655 1856 727 vegetantium
1898 673 2011 711 non
2052 661 2135 712 est

118 745 351 818 forma
405 751 678 821 separata
733 761 906 818 neque
934 743 1181 819 proinde
1220 744 1535 801 substantia
1589 744 1683 801 vel
1729 750 1945 801 natura
1998 762 2133 802 com-

128 835 299 910 pleta
313 877 334 902 ‚
388 833 494 891 sed
535 839 619 890 est
655 843 836 890 sonna
873 842 1198 901 informans,
1254 833 1339 890 ita
1392 839 1461 889 ut
1495 840 1711 890 natura
1765 833 2031 910 completa
2070 833 2131 892 in

131 923 537 998 vegetantibus
577 923 655 979 sit
693 923 1046 997 compositum
1087 939 1160 978 ex
1200 922 1444 979 materia
1484 929 1542 978 et
1563 920 1791 996 forma.

269 1010 439 1084 Quid
469 1011 542 1070 sit
562 1010 754 1069 forma
783 1019 1071 1086 separata,
1103 1011 1297 1069 forma
1316 1011 1663 1081 informanS,
1694 1012 2017 1070 substantia
2036 1013 2129 1070 vel

131 1111 362 1159 natura
392 1101 716 1176 completa,.
739 1099 1062 1159 substantia
1089 1099 1473 1176 incompleta,
1504 1099 1721 1158 scimus
1754 1117 1829 1159 ex
1856 1099 1942 1172 iis,
1976 1118 2129 1175 quae

135 1191 222 1250 de
255 1190 350 1248 his
380 1189 724 1248 notionibus
741 1189 805 1246 in
825 1189 1193 1264 cosmologia
1215 1199 1273 1248 et
1292 1189 1598 1264 ontologia
1616 1190 1919 1248 declarata
1938 1200 2073 1248 sunt
2094 1191 2127 1249 ¹.

267 1281 403 1338 Iam
443 1297 591 1337 vero
617 1288 892 1336 naturam
921 1279 1283 1355 completam
1326 1278 1743 1354 operationum
1780 1278 2131 1354 vegetativa-

133 1388 278 1427 rum
349 1386 479 1426 non
542 1385 670 1426 esse
726 1368 980 1426 formam
1041 1368 1346 1443 quandam
1407 1377 1741 1443 separatam
1758 1414 1771 1439 ,
1834 1368 1940 1427 sed
2001 1385 2129 1427 esse

135 1477 388 1534 corpuS,
434 1457 472 1516 i.
503 1475 556 1516 e.
587 1457 985 1532 compositum
1021 1457 1403 1516 substantiale
1432 1475 1506 1516 ex
1532 1457 1781 1516 materia
1822 1467 1883 1516 et
1918 1457 2125 1528 forma,

135 1547 421 1623 sequitur
463 1564 537 1605 ex
579 1546 664 1618 iis,
721 1565 877 1621 quae
919 1546 1080 1605 circa
1122 1556 1394 1604 naturam
1434 1547 1664 1604 illarum
1715 1545 2127 1621 operationum

137 1655 331 1712 supra
377 1631 456 1711 (p.
511 1655 582 1708 14
623 1645 683 1693 et
729 1630 822 1710 15)
866 1636 1191 1694 docuimus.

251 1723 679 1801 ‚Operationes
720 1724 881 1783 enim
923 1725 1058 1782 illae
1101 1740 1311 1782 omnes
1353 1734 1486 1783 sunt
1530 1725 1868 1795 materiales,
1923 1734 2128 1801 utpote

140 1833 310 1890 quae
369 1813 651 1889 generice
712 1832 848 1872 cum
907 1813 1165 1872 motibus
1226 1811 1509 1872 chemicis
1569 1816 1661 1873 vel
1720 1813 1981 1890 physicis
2033 1814 2128 1872 vel

139 1904 522 1985 mechanicis
563 1921 883 1979 corporum
925 1901 1428 1978 anorganicorum
1466 1903 1843 1963 conveniant.
1912 1904 2127 1979 Neque

139 1994 480 2071 quicquam
521 1992 583 2051 in
623 1992 766 2069 ipsis
808 1992 1114 2051 inventum
1159 2003 1279 2064 est,
1338 1992 1502 2068 quod
1558 2012 1593 2051 a
1634 1994 1881 2053 materia
1930 1993 2005 2052 sit
2045 1994 2128 2052 in-

137 2084 444 2141 trinsecus
467 2082 902 2158 independens.
953 2099 979 2132 «
993 2082 1249 2157 Operari
1271 2089 1457 2139 autem
1483 2085 1737 2157 sequitur
1761 2101 1931 2151 esse»,
1963 2082 2125 2142 cuius

141 2183 240 2232 est
268 2172 530 2247 effluxus-
551 2171 813 2247 quidam.
885 2172 1085 2243 Unde,
1129 2189 1209 2229 ne
1252 2170 1378 2230 sine
1421 2172 1650 2231 ratione
1679 2172 1991 2232 sufficienti
2032 2174 2125 2231 vel

142 2272 369 2341 contra
423 2260 614 2337 ipsam
669 2260 1099 2336 experientiam
1160 2261 1482 2335 quicquam
1536 2260 1925 2333 affirmemuS,
1989 2280 2126 2319 con·

141 2350 520 2409 cludendum
580 2351 690 2409 est'
737 2349 1094 2427 principium
1164 2352 1529 2426 completum
1588 2350 1971 2409 intrinsecum
2031 2352 2123 2409 vel

139 2448 428 2497 naturam
493 2440 814 2515 completam
881 2441 1269 2514 operationum
1335 2441 1778 2513 vegetativarum
1838 2457 1950 2497 esse
2006 2441 2123 2497 sub-

136 2530 424 2587 stantiam
467 2530 818 2603 compositam
859 2547 932 2585 ex
971 2530 1215 2586 materia
1256 2536 1311 2584 et
1333 2528 1545 2602 forma
1568 2529 1605 2587 ⁹.

155 2730 162 2739 ,
275 2669 562 2727 Assertio
591 2670 716 2727 III.
774 2700 850 2709 —
909 2670 1263 2747 Principium
1308 2670 1570 2743 formale
1626 2672 1689 2727 in
1746 2670 2125 2743 vegetantibus

141 2766 227 2818 est
276 2760 496 2833 forma
562 2759 891 2833 informans
955 2770 1274 2819 materialis.
1386 2760 1696 2818 Materiale
1760 2759 1973 2817 dicitur
2040 2758 2121 2831 id,

145 2848 318 2924 quod
362 2848 716 2917 intrinsecus
756 2850 853 2907 vel
893 2849 954 2906 in
996 2850 1129 2924 ipso
1184 2868 1291 2907 suo
1349 2868 1477 2907 esse
1533 2848 1887 2924 dependens
1942 2859 2031 2908 est
2088 2868 2123 2906 a

143 2936 419 2997 materia.
519 2938 704 3010 Quod
759 2938 1002 3012 quidem
1056 2938 1281 3015 duplici
1335 2938 1519 2996 modo
1576 2937 1703 2996 fieri
1755 2946 1967 3013 potest.
2050 2940 2122 2995 In

144 3038 288 3086 ente
333 3027 499 3088 enim
554 3025 719 3084 omni
768 3028 1071 3086 actualiter
1125 3026 1429 3087 exsistenti
1482 3027 1701 3101 duplex
1753 3026 2124 3102 distinguitur

143 3126 316 3191 actus
359 3116 627 3174 essendi:
673 3126 836 3192 actus
877 3115 1101 3176 scilicet
1129 3116 1418 3177 essentiae
1448 3126 1507 3175 et
1539 3127 1703 3174 actus
1732 3117 2121 3175 exsistentiae.

143 3204 334 3265 Unde
377 3205 605 3281 duplici
647 3205 824 3263 etiam
867 3206 1049 3265 modo
1090 3226 1186 3265 res
1229 3207 1525 3282 quaedam
1568 3226 1603 3264 a
1634 3206 1885 3266 materia
1923 3205 2124 3265 intrin-

273 3384 290 3415 ¹
332 3384 414 3433 Cf.
455 3384 552 3433 vol.
592 3384 632 3445 1,
673 3385 792 3446 387.
833 3385 952 3445 269.
993 3395 1112 3445 270.
1260 3382 1281 3414 ²
1320 3386 1397 3432 Cf.
1436 3386 1650 3433 Mercier
1684 3384 1716 3431 1.
1756 3400 1798 3431 c.
1838 3400 1888 3445 p.
1936 3384 2013 3443 56.
