2367 3850
509 239 588 274 DE
627 238 982 284 UBIQUITATE
1020 240 1092 276 ET
1132 239 1541 277 IMMENSITATE
1581 241 1696 278 DEI.
1987 239 2081 290 251

141 403 396 462 praesens
438 396 542 456 est,
587 385 773 461 idque
815 405 926 462 per
953 387 1143 462 ipsam
1173 406 1340 444 suam
1368 387 1704 458 essentiam,
1748 406 1883 445 cum
1912 388 2091 446 virtus

141 475 248 532 eius
283 475 358 532 ab
398 474 658 532 essentia
697 474 939 534 realiter
979 493 1104 532 non
1147 475 1553 550 distinguatur.

241 583 310 639 II.
363 581 532 638 Deus
573 588 657 638 est
691 583 1005 638 immensus.
1092 581 1277 652 Quod
1319 582 1583 655 sequitur
1610 582 1805 659 primo
1847 601 1921 641 ex
1966 581 2091 641 eius

138 671 341 745 infim‘ta
367 669 722 744 perfectione
763 669 981 727 eodem
1022 670 1207 728 modo
1250 689 1323 728 ac
1364 670 1675 745 ubiquitaS.

241 769 402 826 Idem
445 758 713 827 secundo
757 769 1045 844 probatur
1085 786 1158 827 ex
1199 768 1403 827 divina
1436 769 1851 844 omnipotentia.
1938 769 2089 826 Cum

140 857 278 915 enim
317 857 588 932 potentia
630 857 747 916 Dei
789 856 920 916 talis
962 857 1064 928 sit,
1125 867 1186 914 ut
1228 857 1305 915 ad
1362 875 1571 916 omnes
1630 876 1725 915 res
1780 858 2091 933 possibiles

140 965 249 1006 sese
288 947 587 1018 extendat,
631 946 915 1018 efficitur,
977 957 1039 1004 ut
1082 956 1141 1004 et
1181 947 1311 1022 ipsa
1352 945 1605 1005 essentia
1648 946 1765 1004 Dei
1807 956 1968 1005 recte
2010 947 2092 1004 di-

139 1046 282 1094 catur
320 1037 397 1094 ad
439 1054 652 1094 omnes
693 1055 789 1094 res
831 1034 1146 1111 possibiles
1188 1035 1317 1094 fieri
1345 1053 1521 1111 posse
1550 1054 1849 1110 praesens,
1908 1035 2091 1109 Quod

140 1125 275 1182 idem
318 1135 404 1182 est
446 1139 551 1182 ac:
596 1127 761 1184 Deus
803 1123 1265 1184 substantialiter
1307 1136 1397 1183 est
1436 1125 1758 1183 immensus
1786 1125 1820 1182 ¹.

245 1353 260 1384 ¹
297 1354 370 1402 Ex
408 1354 556 1404 dictis
594 1355 730 1405 circa
765 1353 1151 1404 substantialem
1189 1363 1240 1404 et
1278 1355 1499 1402 intimam
1533 1356 1630 1404 Dei
1667 1355 2000 1419 praesentiam
2040 1354 2090 1402 in

139 1435 268 1482 rebus
321 1435 586 1495 omnibus,
645 1435 870 1499 sequitur
927 1431 1152 1498 (Lessius
1204 1435 1236 1483 l.
1283 1451 1327 1484 c.
1373 1435 1405 1484 l.
1453 1435 1517 1494 II,
1569 1451 1613 1484 c.
1667 1447 1715 1496 3,
1765 1451 1816 1499 p.
1875 1448 1953 1495 19.
2007 1447 2089 1482 20.

141 1527 209 1562 21.
257 1511 374 1572 22):

247 1610 292 1650 1⁰
341 1604 410 1652 Ut
448 1605 618 1652 Deum
657 1604 707 1651 in
746 1603 983 1652 omnibus
1019 1603 1170 1652 rebus
1212 1603 1436 1651 invenire
1474 1603 1751 1667 possimus,
1792 1620 1894 1651 non
1932 1603 2093 1651 solum

138 1691 182 1730 ut
214 1685 259 1732 in
296 1684 492 1744 effectu,
533 1685 625 1732 sed
662 1684 811 1732 etiam
849 1692 902 1731 ut
928 1683 998 1731 ibi
1025 1699 1079 1733 re
1107 1683 1218 1748 ipsa.
1242 1683 1495 1744 latentem,
1534 1684 1838 1733 occultatum
1864 1692 1913 1732 et
1939 1684 2089 1732 veluti

124 1764 296 1828 ‚sipario
332 1765 556 1829 quodam
594 1772 793 1813 creatae
831 1772 1037 1811 naturae
1073 1763 1308 1812 velatum.

241 1860 293 1900 2⁰
340 1853 409 1902 Ut
447 1853 620 1902 omnia
659 1853 710 1900 in
749 1853 866 1900 Deo
903 1852 1082 1900 intueri
1121 1853 1385 1916 possimus.
1461 1853 1621 1902 Totus
1672 1853 1806 1900 enim
1860 1852 2091 1913 mundus,

136 1942 182 1981 ut
212 1934 370 1982 verbis
397 1934 450 1983 S.
477 1932 752 1997 Augustini
784 1941 996 1994 utamur,
1037 1934 1105 1982 ita
1142 1943 1217 1982 est
1244 1933 1296 1981 in
1323 1935 1456 1995 Deo,
1492 1933 1622 1983 sicut
1648 1932 1855 1997 parvula
1880 1934 2094 1998 spongia

134 2013 177 2061 in
222 2014 500 2062 vastissimo
553 2014 690 2063 mari.
764 2014 926 2063 Immo
977 2022 1097 2062 tunc
1145 2014 1309 2063 solum
1360 2014 1635 2078 perfectam
1674 2030 1840 2063 rerum
1890 2014 2093 2061 munda-

135 2110 292 2141 narum
329 2094 594 2143 scientiam
631 2094 964 2153 habebimus,
1017 2110 1131 2142 cum
1169 2095 1234 2141 ad
1285 2094 1625 2157 cognitionem
1664 2094 1763 2142 Dei
1811 2110 1909 2158 ope
1962 2110 2093 2142 crea-

137 2182 334 2221 turarum
368 2174 648 2223 visibilium
673 2174 916 2238 provecti,
953 2174 1227 2223 reflexione
1252 2174 1491 2235 instituta,
1530 2190 1593 2222 ex
1617 2174 1705 2223 illo
1730 2174 1873 2239 quasi
1899 2191 2093 2223 summo

135 2254 335 2303 culmine
373 2271 458 2303 res
495 2267 673 2303 omnes
711 2255 891 2302 iterum
929 2254 1255 2318 contemplati
1294 2255 1491 2303 erimus.

239 2352 291 2407 3⁰
340 2344 409 2394 Ut
446 2344 716 2393 maximum
754 2344 1028 2392 debeamus
1073 2344 1341 2407 concipere
1386 2344 1632 2407 gaudium
1649 2380 1660 2402 ,
1715 2344 1851 2407 quod
1902 2351 2093 2391 tantum

130 2424 404 2473 thesaurum
443 2424 574 2472 intra
613 2440 723 2483 nos,
763 2424 997 2472 nimirum
1035 2424 1084 2471 in
1123 2423 1290 2471 anima
1328 2432 1513 2483 nostra,
1553 2424 1605 2471 in
1631 2425 1785 2472 corde
1812 2432 2000 2484 nostro,
2041 2424 2093 2470 in

131 2504 352 2553 omnibus
391 2506 593 2553 animae
630 2505 850 2564 viribus,
906 2504 958 2551 in
995 2503 1232 2553 omnibus
1270 2504 1499 2568 corporis
1536 2504 1764 2567 partibus
1801 2504 2093 2563 habeamus,

131 2602 234 2633 cum
266 2595 372 2634 tota
408 2584 672 2649 potentia,
724 2584 1002 2649 sapientia,
1060 2584 1290 2633 bonitate
1328 2585 1663 2648 omnibusque
1700 2583 2095 2649 perfectionibus

131 2675 176 2714 et
210 2665 394 2715 divitiis
434 2666 553 2714 suis.

241 2755 411 2803 Oritur
449 2754 602 2805 etiam
639 2770 701 2803 ex
739 2754 918 2803 eadem
957 2754 1365 2803 consideratione
1403 2754 1583 2818 ingens
1622 2753 1672 2801 in
1712 2752 1944 2817 periculis
1994 2770 2095 2802 om-

128 2833 265 2882 nibus
285 2836 498 2899 fiducia.
574 2834 628 2883 Si
667 2834 804 2883 enim
844 2834 986 2883 Deus
1024 2850 1127 2883 non
1165 2834 1328 2882 solum
1367 2834 1496 2883 intra
1533 2850 1627 2882 nos
1665 2843 1769 2893 est,
1818 2834 1908 2883 sed
1946 2833 2095 2882 etiam

129 2915 341 2980 undique
379 2914 603 2964 exterius
641 2931 735 2963 nos
763 2914 1042 2964 circumdat
1077 2924 1130 2963 et
1165 2914 1334 2976 ambit,
1374 2914 1484 2979 quis
1509 2915 1696 2979 poterit
1721 2914 1869 2983 nobis
1894 2931 2093 2975 nocere,

129 2994 216 3043 nisi
254 2996 363 3059 ipse
404 2995 457 3044 id
495 2994 820 3059 peculiariter
853 2995 1144 3059 permittat?

238 3092 294 3144 4⁰
330 3083 402 3133 Ut
439 3100 670 3147 semper,
725 3091 977 3147 tamquam
1014 3084 1064 3132 in
1101 3084 1386 3149 praesentia
1422 3084 1521 3132 Dei
1571 3100 1685 3133 cum
1736 3100 1919 3148 magna
1968 3101 2095 3133 reve-

125 3166 276 3213 rentia
323 3163 516 3213 versari
563 3164 855 3213 debeamus.
921 3160 1028 3226 (Cf.
1067 3180 1155 3225 ea,
1210 3180 1338 3228 quae
1382 3164 1478 3213 hac
1516 3165 1580 3213 de
1616 3180 1671 3212 re
1709 3180 1861 3229 supra
1898 3180 1949 3229 p.
1990 3175 2092 3227 237

125 3242 531 3308 declaravimuS.)
