2367 3850
260 225 363 290 316
860 239 1090 276 E'rch.
1150 239 1289 276 mas
1329 239 1630 277 spzcmus.

382 388 712 462 Systemata
754 405 979 459 eorum,
1026 387 1127 464 qui
1168 388 1258 446 ius
1299 387 1544 463 quidem
1600 389 1984 464 proprietatis
2043 387 2262 446 admit·

258 486 406 548 tunt,
449 475 558 536 sed
587 475 820 552 falsum
862 477 979 535 eius
1006 477 1458 552 fundamentum
1501 477 1820 553 assignant.

382 564 694 624 Sententia
732 567 885 624 inter
923 567 1218 625 catholicos
1257 569 1588 636 communis,
1651 585 1807 642 quae
1849 565 1940 625 ius
1979 565 2262 642 proprie-

258 655 395 714 tatis
437 673 511 714 ex
552 653 677 714 iure
720 665 965 714 naturae
1006 655 1254 716 derivat.

382 772 427 828 I.
472 779 992 830 communietur-um
1030 781 1314 831 sententia
1351 781 1656 845 exponitur.

380 881 479 938 De
537 885 928 941 communismo
987 885 1263 941 universe.
1323 913 1403 921 —
1464 881 1913 942 Communismus
1974 875 2033 954 (a
2096 898 2260 939 voce

260 969 718 1042 cominunioni5‚
763 971 989 1030 scilicet
1028 966 1353 1046 bonorum)
1397 981 1487 1030 est
1527 970 1822 1043 sententia
1863 989 2096 1042 eorum,
2147 969 2258 1045 qui

259 1058 687 1135 proprietatem
743 1061 1030 1136 privatam
1086 1060 1404 1119 reicientes
1459 1059 1678 1132 omnia,
1734 1061 1830 1118 vel
1885 1059 2259 1136 productiva

257 1149 484 1220 saltem,
528 1148 691 1207 bona
731 1150 935 1208 volunt
971 1167 1101 1209 esse
1130 1150 1490 1208 communia.
1526 1180 1595 1191 -——
1631 1150 1869 1225 Duplex
1909 1148 2258 1224 generatim

260 1236 666 1314 distinguitur:
709 1241 1016 1314 negativus
1059 1249 1118 1298 et
1158 1239 1461 1315 positivus.

386 1357 433 1394 1.
516 1337 1028 1397 «Communismus
1105 1339 1401 1411 negativus
1468 1337 1637 1395 reicit
1704 1336 1794 1395 ius
1863 1336 2259 1411 proprietatis

259 1424 684 1501 quodcumque
726 1437 903 1502 atque
944 1428 1108 1485 bona
1150 1425 1355 1484 omnia
1383 1426 1696 1484 arbitratur
1725 1426 2075 1484 communia
2118 1445 2257 1485 esse

259 1513 483 1573 debere
527 1515 819 1591 negative,
864 1515 945 1574 ita
983 1526 1047 1573 ut
1089 1515 1340 1591 quilibet
1381 1515 1567 1592 possit
1607 1514 1684 1574 de
1727 1534 1793 1574 re
1831 1514 2107 1590 qualibet
2147 1516 2256 1586 uti,

258 1614 435 1678 prout
478 1603 535 1662 ei
579 1603 919 1679 placuerit.»

383 1722 435 1760 2.
500 1703 977 1762 Communismus
1035 1705 1309 1779 positivus
1380 1702 1467 1762 ius
1541 1701 1788 1777 quidem
1861 1701 2258 1778 proprietatis

261 1791 535 1866 agnoscit
576 1791 837 1867 aliquod,
881 1792 991 1851 sed
1031 1792 1174 1851 illud
1216 1792 1278 1850 in
1322 1793 1748 1850 communitate
1790 1791 2062 1867 reponit,
2123 1810 2256 1852 non

260 1877 322 1937 in
342 1880 603 1957 privatis,
649 1882 770 1941 Hic
789 1900 1033 1959 quoque
1063 1882 1283 1959 duplex
1312 1891 1427 1941 est:
1459 1882 1761 1940 absolutus
1793 1889 1852 1939 et
1879 1880 2255 1940 moderatus,

381 1966 438 2046 a)
482 1971 960 2031 Communismus
1002 1973 1286 2031 absolutus
1326 1971 1529 2030 omnia
1575 1971 1824 2029 omnino
1878 1972 2046 2029 bona
2087 1989 2258 2029 com-

260 2060 462 2118 munia
503 2078 635 2119 esse
676 2063 814 2134 vult,
860 2064 986 2121 fere
1029 2073 1090 2120 ut
1131 2062 1196 2119 fit
1249 2060 1311 2119 in
1353 2059 1877 2120 communitatibus
1933 2060 2257 2135 religiosiS,

265 2150 346 2207 ita
389 2160 451 2207 ut
505 2150 567 2208 in
622 2150 751 2226 ipsa
806 2150 1089 2211 societate
1146 2149 1303 2208 civili
1359 2150 1476 2209 sint
1530 2150 1816 2226 prandia,
1871 2149 2256 2221 dormitoria,

263 2238 379 2297 alia
422 2239 715 2299 eiusmodi
756 2240 1113 2299 communia.

378 2324 442 2404 b)
486 2330 965 2389 Communismus
1022 2330 1344 2389 moderatus
1398 2330 1526 2389 sola
1571 2330 1734 2387 bona
1773 2328 2138 2404 productiva
2190 2328 2256 2387 in

262 2436 579 2477 commune
621 2419 897 2494 redigere
940 2418 1118 2496 cupit.
1178 2418 1583 2478 Subdividitur
1622 2418 1686 2476 in
1716 2416 2164 2477 anarchismum
2195 2428 2258 2476 et

261 2507 678 2567 socialismum.

382 2591 440 2671 α)
484 2597 900 2655 Anarchismus
942 2598 1146 2656 omnia
1205 2599 1370 2656 bona
1409 2598 1766 2674 productiva
1805 2596 1870 2655 in
1910 2595 2257 2655 dominium

263 2684 646 2745 inalienabile
688 2689 1116 2764 municipiorum
1141 2689 1238 2746 vel
1265 2689 1598 2746 societatum.
1624 2687 2019 2767 operariorum
2062 2695 2258 2745 trans-

262 2775 419 2834 ferre
462 2775 780 2849 desiderat,
824 2777 1006 2853 idque
1049 2796 1173 2835 non
1216 2796 1326 2853 per
1367 2776 1568 2838 media
1608 2775 1869 2853 politica,
1914 2775 2022 2835 sed
2063 2776 2131 2834 vi
2169 2786 2255 2835 at-

260 2883 377 2940 que
418 2866 703 2925 violentia.

384 2949 436 3029 β)
479 2954 840 3014 Socialismus
878 2974 1023 3015 vero
1065 2957 1230 3015 bona
1270 2955 1623 3033 productiva
1663 2955 1771 3014 toti
1804 2955 2059 3013 societati
2096 2954 2261 3014 civili

262 3044 609 3103 communia
651 3064 779 3105 esse
808 3047 931 3105 vult
972 3056 1031 3105 et
1068 3048 1249 3105 finem
1277 3064 1444 3105 suum
1487 3065 1612 3105 non
1651 3045 1710 3103 vi
1753 3045 1860 3105 sed
1905 3062 2016 3121 per
2041 3044 2256 3104 media

260 3132 506 3210 politica
549 3130 625 3210 (v.
669 3154 726 3211 g.
771 3136 1094 3195 electiones
1136 3129 1432 3212 politicas)
1477 3134 1766 3209 consequi
1808 3143 2077 3193 conatur.

380 3250 481 3307 De
539 3252 845 3310 socialismo
901 3252 1182 3326 speciatim
1242 3258 1298 3308 et
1351 3252 1684 3308 accuratius.
1748 3280 1826 3288 —
1879 3249 2248 3308 Socialismus

262 3338 520 3412 proinde
561 3339 706 3395 nihil
748 3339 905 3397 aliud
948 3347 1036 3396 est
1070 3339 1182 3396 nisi
1212 3338 1443 3413 species
1475 3338 1773 3413 quaedam
1801 3338 2243 3412 communisrni,

264 3433 323 3481 et
376 3424 611 3481 definiri
674 3434 897 3498 potest:
975 3433 1245 3499 «systema
1308 3429 1642 3485 oeconomico
1656 3428 1967 3504 -politicum
1981 3473 2000 3498 ‚
2069 3430 2243 3505 quod,

1023 3549 1149 3749 Χ

1158 3820 1204 3827 -—
