2367 3850
134 2 139 4 -
182 0 633 16 ὴ--Ὶ-ω---η---τη--ψ-Ὶλῃἶ
679 0 773 3 Ᾰ---

376 211 453 246 DE
496 211 959 248 OPERATIONIBUS
999 213 1107 249 VEL
1146 213 1386 250 ACTIBUS
1425 215 1804 252 VOLUNTATIS.
2005 203 2072 266 87

208 358 313 415 Ad
382 378 439 429 4.
514 359 843 418 dicendum
912 378 1037 418 non
1108 378 1365 436 peccare
1436 375 1646 422 contra
1715 361 2074 439 principium

96 447 337 505 rationis
394 447 743 507 sufficientis
799 467 966 520 eum,
1025 451 1127 526 qui
1185 452 1396 522 docet,
1455 451 1652 527 posita
1693 453 1922 510 ratione
1963 453 2076 511 sus·

96 536 315 594 ficienti
364 536 610 595 alicuius
670 539 786 607 rei,
849 539 1008 596 hanc
1069 539 1260 613 ipsam
1321 559 1448 599 rem
1508 559 1687 616 posse
1745 557 1867 599 non
1925 559 2072 600 esse.

98 624 461 701 Principium
504 625 667 684 enim
712 626 956 685 rationis
1004 628 1348 686 sufficientis
1391 639 1508 688 est:
1575 629 1793 688 «Nihil
1824 631 1945 688 sine
1984 650 2076 689 ra-

99 717 240 772 tione
278 715 650 790 sufficienti»,
696 715 731 773 i.
773 734 823 774 e.
872 713 941 790 (si
984 717 1061 775 ad
1102 718 1374 775 actiones
1411 717 1720 793 speciatim
1762 719 1881 777 hoc
1923 721 2080 794 prin-

102 803 318 878 cipium
362 801 755 880 applicamus)
800 807 960 863 nulla
1002 808 1064 863 fit
1107 806 1283 877 actio,
1329 805 1475 881 quin
1517 807 1686 866 huius
1728 807 1980 866 actionis
2007 807 2079 867 sit

102 893 245 950 ratio
288 892 607 952 sufficiens.
693 895 833 952 Non
877 905 1073 953 autem
1116 896 1203 953 vis
1247 907 1364 954 est:
1425 895 1720 955 Omnibus
1769 897 1848 954 ad
1903 915 2079 973 agen-

103 982 239 1040 dum
294 983 658 1041 sufficienter
700 983 1029 1057 dispositis,
1088 984 1283 1043 omnis
1325 1004 1504 1043 causa
1544 985 1883 1044 necessario
1939 985 2075 1062 agit.

108 1071 315 1128 Utrum
372 1072 535 1129 enim
588 1090 716 1130 esse
773 1071 961 1148 possit
1014 1083 1115 1132 aut
1156 1091 1368 1132 revera
1421 1075 1493 1132 sit
1548 1093 1727 1132 causa
1781 1075 2078 1149 quaedam

105 1160 286 1218 libera
325 1179 523 1219 necne
543 1207 556 1229 ,
606 1161 719 1220 hac
762 1161 893 1236 ipsa
934 1161 1338 1238 disputatione
1381 1162 1710 1238 inquiritur.
1797 1163 2075 1222 Obiectio

110 1249 361 1323 proinde
402 1250 505 1308 illa
544 1249 694 1307 nihil
738 1250 898 1308 aliud
939 1263 1027 1310 est
1068 1250 1182 1310 nisi
1226 1251 1435 1327 petitio
1478 1251 1756 1327 principii
1781 1253 1814 1310 ¹.

224 1338 322 1395 Ad
368 1356 420 1415 5.
480 1339 939 1398 concedendum
996 1340 1240 1415 quidem
1303 1351 1390 1399 est
1449 1341 1714 1415 practice
1769 1341 2078 1416 loquendo

110 1428 440 1500 hominem,
502 1430 735 1503 quoties
777 1429 963 1489 libere
1007 1430 1201 1505 eligit,
1245 1429 1308 1488 id
1351 1449 1588 1505 semper
1631 1430 1868 1506 eligere,
1914 1430 2079 1506 quod

113 1516 221 1574 sibi
274 1517 483 1575 melius
538 1536 667 1576 esse
728 1519 959 1576 videtur
1012 1520 1210 1576 saltem
1263 1521 1560 1578 secundum
1617 1521 1767 1594 quid.
1867 1521 2078 1594 Neque

114 1617 308 1664 tamen
361 1606 483 1666 dici
527 1616 723 1681 potest
763 1607 1069 1666 hominem
1116 1608 1457 1668 necessario
1501 1608 1722 1684 eligere
1763 1609 1856 1680 id,
1917 1609 2080 1684 quod

118 1696 407 1754 intellectu
464 1706 526 1754 ut
587 1696 795 1754 melius
850 1697 1335 1773 apprehenditur.
1421 1698 1491 1755 Id
1552 1698 1740 1766 enim,
1799 1698 1964 1772 quod
2019 1707 2080 1756 ut

122 1785 316 1842 melius
369 1787 457 1843 sic
512 1786 1011 1861 apprehenditur,
1071 1803 1145 1844 eo
1205 1788 1334 1844 solo
1377 1805 1552 1845 sensu
1598 1787 1805 1844 melius
1849 1786 2078 1856 dicitur,
2169 1803 2178 1812 ·

123 1884 396 1948 quatenus
436 1875 538 1933 sub
579 1875 752 1933 libero
791 1876 1101 1935 voluntatis
1140 1883 1292 1934 motu
1348 1876 1425 1934 ab
1468 1877 1769 1935 intellectu
1826 1885 1888 1935 ut
1912 1885 2080 1954 prae-

112 1962 406 2036 ferendum
434 1964 759 2022 iudicatum
788 1975 877 2023 est
895 1966 933 2023 ².
982 1966 1111 2023 Etsi
1130 1976 1346 2036 autem,
1378 1965 1684 2025 decisione
1712 1966 1831 2024 hoc
1861 1966 2080 2024 iudicio

126 2063 365 2126 peracta,
411 2054 686 2112 voluntas
728 2072 863 2112 mea
905 2055 967 2112 in
998 2054 1154 2112 'illud
1189 2054 1742 2129 «praeferendum»,
1788 2064 1850 2112 ut
1891 2054 2082 2129 ipsum

128 2140 314 2215 eligat,
366 2161 611 2218 semper
652 2142 834 2200 fertur
853 2188 865 2212 ,
910 2152 1115 2201 tamen
1155 2144 1316 2201 hanc
1357 2143 1714 2202 electionem
1757 2146 2080 2213 necessario,

127 2230 158 2287 i.
186 2247 232 2287 e.
259 2232 719 2289 determinatione
745 2234 1067 2300 intrinseca,
1096 2232 1241 2304 fieri,
1275 2233 1645 2291 contendere
1665 2250 1846 2290 nemo
1866 2241 2080 2307 potest.

133 2318 323 2377 Intime
368 2320 531 2378 enim
578 2330 638 2377 et
679 2321 837 2378 clare
884 2321 1199 2392 sentimuS‚
1257 2322 1524 2379 decisione
1577 2322 1763 2379 libere
1819 2331 2080 2396 peracta,

128 2407 292 2467 libere
345 2410 475 2467 fieri
524 2428 763 2485 semper
805 2410 1164 2468 electionem
1207 2408 1269 2467 in
1325 2410 1500 2480 illud,
1560 2410 1722 2484 quod
1774 2421 1835 2468 ut
1877 2409 2083 2467 melius

132 2498 210 2554 vel
262 2497 730 2573 praeferendum
797 2499 1118 2557 iudicatum
1182 2508 1271 2557 est
1291 2499 1331 2556 ⁸.
1433 2499 1648 2573 Neque
1718 2498 1877 2557 enim
1940 2498 2084 2555 illud

134 2689 258 2735 quam
294 2691 323 2721 a
358 2675 609 2740 principio
646 2676 954 2736 extrinseco,
1009 2678 1147 2724 salva
1199 2685 1363 2725 tamen
1417 2677 1676 2737 libertate,
1737 2676 1786 2724 in
1828 2676 2085 2740 theologia

136 2753 489 2804 declarabimus,
556 2756 634 2805 Cf.
675 2756 869 2805 interim
909 2758 960 2805 S.
1010 2758 1198 2816 Thom„
1239 2756 1290 2805 S.
1331 2756 1484 2805 theol.
1525 2759 1563 2816 I,
1604 2758 1668 2817 ΙΙ,
1709 2774 1756 2820 q.
1798 2769 1845 2818 9,
1886 2773 1929 2805 a.
1969 2758 2018 2805 6.

239 2832 254 2863 ¹
290 2834 366 2884 Cf.
418 2835 639 2886 Lehmen
691 2836 724 2886 l.
778 2852 821 2886 c.
874 2854 925 2902 p.
980 2849 1100 2897 441.
1181 2837 1313 2885 «Die
1369 2836 1779 2885 Willensfreiheit
1834 2838 1938 2885 und
1996 2837 2088 2885 das

137 2912 311 2977 Prinzip
344 2931 463 2963 vom
500 2916 897 2966 hinreichenden
940 2916 1197 2965 Grunde.»

238 2990 257 3022 ²
292 2994 367 3043 Cf.
406 2995 625 3045 Boedder
659 2996 691 3045 l.
733 3012 775 3046 c.
815 3013 866 3061 p.
908 3006 1005 3057 271
1049 3012 1123 3060 sq.

240 3071 260 3102 ³
297 3076 375 3139 «Je
413 3084 640 3124 constate
678 3092 774 3140 que
812 3093 893 3124 ma
928 3073 1133 3125 dicis-ion
1171 3078 1374 3141 depend
1422 3077 1486 3125 de
1538 3076 1664 3133 moi;
1720 3092 1815 3140 que
1854 3075 1899 3123 le
1935 3076 2080 3141 juge-

143 3160 255 3201 ment
273 3156 499 3220 pratique
540 3156 625 3221 qui
676 3155 1057 3221 l’accompagne
1076 3194 1087 3216 ,
1142 3157 1400 3206 declarant
1453 3155 1602 3221 qu'en
1657 3171 1714 3205 ce
1766 3164 1988 3203 moment
2033 3158 2085 3220 je

147 3236 293 3281 trouve
326 3235 553 3285 meilleur
589 3236 638 3285 le
674 3237 802 3301 parti
839 3253 924 3285 sur
960 3236 1130 3301 lequel
1166 3236 1266 3285 elle
1303 3244 1448 3301 porte
1466 3276 1477 3296 ,
1530 3245 1605 3284 est
1643 3252 1758 3284 mon
1795 3252 1956 3285 oeuvre
2004 3252 2087 3285 en-

151 3324 245 3360 core.
312 3315 372 3363 Et
408 3316 471 3365 de
508 3313 559 3365 la
590 3318 642 3381 je
697 3317 902 3366 conclus
957 3314 987 3365 ὲ
1039 3317 1141 3364 bon
1195 3315 1328 3365 droit
1381 3332 1477 3380 que
1528 3332 1607 3363 ma
1658 3315 1882 3365 decision
1938 3315 2088 3363 serait

156 3400 265 3441 autre
298 3394 335 3442 si
365 3396 415 3460 je
452 3396 501 3445 le
550 3397 745 3446 voulais
764 3434 775 3456 ,
834 3412 950 3445 sans
987 3412 1085 3461 que
1124 3397 1198 3445 les
1250 3396 1578 3445 antecedents
1630 3394 1792 3443 soient
1843 3393 2086 3451 modifies,
