2367 3850
55 249 58 252 .
55 195 64 228 ,,.
42 0 78 170 „mys-vr*

75 0 88 12 Ἰ

49 1041 76 1560 amum-rw
51 1009 54 1012 ⁴

817 184 894 222 DE
931 184 1281 224 VOLUNTATE
1320 185 1435 224 DEI.
2010 187 2113 238 237

148 331 309 406 plecti
351 334 640 390 veritatem
695 340 864 392 extra
917 335 1211 395 caritatem
1225 378 1245 403 ,
1300 353 1437 392 nam
1490 342 1547 392 et
1596 337 1723 410 ipsa
1776 338 1989 394 caritas
2026 355 2113 396 ve-

157 421 293 478 ritas
328 428 454 478 est.»
484 422 501 482 ἒ

901 517 1233 565 Annoums
1273 528 1349 566 1v.

743 629 842 678 DE
877 629 1314 682 VOLUNTATE
1350 631 1492 682 DEI.

547 758 583 827 ἓ
627 776 670 813 1.
728 765 816 812 De
852 763 1077 815 obiecto
1115 764 1427 814 voluntatis
1466 763 1705 815 divinae.

264 897 478 946 Thesis.
535 886 705 944 Deus
739 887 930 943 omnia
955 886 1080 944 vult
1105 887 1203 944 vel
1222 894 1415 946 amat:
1452 905 1511 945 se
1537 889 1719 962 ipsum
1746 895 1803 944 et
1825 888 1947 946 alia
1974 907 2013 945 a
2037 906 2110 946 se.

263 1029 448 1076 Status
487 1026 857 1090 quaestionis.
907 1017 1104 1077 Deum
1143 1017 1353 1076 habere
1391 1020 1734 1078 voluntatem
1777 1029 2011 1078 constat
2042 1037 2117 1078 ex

155 1106 244 1177 iis,
293 1126 447 1182 quae
503 1107 760 1166 diximus
815 1107 892 1166 de
947 1117 1192 1166 auctore
1232 1107 1440 1166 mundi
1485 1107 1953 1184 sapientissimO,
2012 1109 2115 1183 qui

265 1281 282 1312 ¹
311 1287 566 1350 Zzgliara,
614 1286 750 1334 Sum.
789 1285 912 1350 phil.
951 1287 1017 1347 II,
1057 1296 1177 1348 471.
1243 1283 1424 1336 Theol.
1466 1286 1497 1335 l.
1537 1285 1629 1345 ΙΙΙ,
1669 1302 1713 1335 c.
1756 1299 1802 1346 2,
1842 1295 1933 1336 art.
1974 1301 2021 1348 4.
2062 1287 2112 1337 6.

158 1390 216 1397 —
267 1365 337 1413 Ex
392 1366 796 1415 consideratione
851 1353 1074 1414 infinitae
1130 1366 1374 1416 scientiae
1430 1375 1481 1415 et
1530 1367 1807 1431 sapientiae
1860 1367 1958 1415 Dei
2014 1377 2113 1416 tres

155 1445 453 1507 potissimum
492 1445 545 1494 in
571 1447 719 1495 nobis
745 1447 973 1496 oriuntur
996 1445 1233 1496 affectus:
1275 1445 1483 1495 affectus
1509 1446 1867 1506 admirationis,
1908 1447 2115 1496 affectus

156 1524 422 1574 humilitatis
459 1535 511 1574 et
549 1526 948 1587 annihilationis,
988 1527 1197 1576 affectus
1223 1543 1445 1575 summae
1470 1535 1521 1575 et
1548 1526 1777 1575 assiduae
1804 1527 2113 1578 reverentiae

153 1621 261 1668 erga
293 1606 474 1656 Deum.
553 1607 698 1668 Quae
736 1607 904 1656 omnia
940 1607 1203 1672 praeclare
1254 1607 1505 1656 declarata
1554 1607 1778 1656 invenies
1825 1608 1964 1672 apud
2000 1608 2111 1658 Les-

153 1688 266 1734 sium
300 1686 332 1734 l.
372 1703 414 1735 c.
455 1686 490 1736 l.
529 1687 620 1746 VI,
659 1703 703 1737 c.
744 1699 774 1748 3
814 1686 914 1736 hoc
951 1687 1132 1736 modo:

265 1779 304 1815 1.
343 1767 571 1816 Affectus
597 1767 951 1826 admirationis,
978 1767 1113 1815 iuxta
1139 1767 1266 1815 illud
1291 1767 1369 1816 Ps.
1406 1767 1533 1828 138:
1579 1767 1853 1817 ‹Mirabilis
1878 1769 2009 1817 facta
2035 1777 2109 1817 est

153 1846 342 1894 scientia
378 1854 466 1894 tua
503 1862 567 1894 ex
603 1863 712 1906 me,
770 1847 1048 1896 confortata
1085 1857 1161 1896 est
1199 1855 1250 1895 et
1287 1861 1388 1895 non
1425 1855 1605 1912 potero
1642 1849 1708 1895 ad
1746 1865 1901 1898 eam.»
1983 1848 2111 1910 Quis

153 1928 270 1975 enim
305 1928 534 1992 cogitans
571 1926 741 1975 omnia
778 1929 1080 1992 praesentia,
1120 1929 1415 1994 praeterita,
1455 1928 1647 1989 futura,
1686 1929 1951 1993 possibilia
1992 1968 2001 1977 .
2045 1967 2054 1977 .
2098 1967 2108 1978 .

151 2007 252 2055 Deo
287 2008 650 2073 perfectissime
687 2016 738 2057 et
776 2008 1152 2058 distinctissime
1191 2025 1301 2057 esse
1338 2010 1624 2073 praesentia
1660 2018 1710 2057 et
1762 2010 1812 2058 in
1865 2020 2113 2075 conceptu

153 2103 338 2153 semper
386 2088 580 2152 posita,
639 2088 778 2136 nulla
828 2088 880 2135 in
931 2088 1044 2153 ipso
1095 2090 1228 2139 facta
1263 2090 1565 2149 mutatione,
1619 2106 1721 2138 non
1768 2090 2110 2156 obstupescat,

151 2170 432 2229 praesertim
469 2184 583 2217 cum
620 2168 772 2217 unico
809 2176 938 2229 actu,
979 2168 1132 2217 immo
1170 2169 1311 2218 nullo
1348 2178 1459 2219 actu
1495 2169 1677 2229 elicit0,
1718 2170 1808 2217 sed
1831 2185 1925 2235 per
1949 2186 2111 2219 essen-

150 2248 254 2295 tiam
293 2265 448 2307 suam,
490 2248 693 2297 realiter
729 2248 856 2297 haec
893 2250 1060 2297 omnia
1097 2252 1301 2298 cernat?

257 2341 308 2378 2.
345 2328 576 2378 Affectus
611 2328 902 2378 humilitatis
937 2336 984 2379 et
1017 2330 1392 2378 annihilationis
1427 2328 1509 2379 sui
1550 2329 1719 2393 quoad
1770 2331 2112 2395 cognitionem

151 2417 192 2455 et
237 2409 569 2474 sapientiam,
626 2417 676 2457 et
729 2408 1057 2459 subiectionis
1111 2408 1395 2459 intellectus
1448 2408 1498 2456 in
1551 2408 1849 2473 obsequium
1886 2412 2013 2474 fidei
2062 2410 2112 2457 in

151 2490 388 2539 omnibuS.

253 2565 311 2632 a)
353 2568 404 2617 Si
441 2569 574 2617 enim
611 2578 748 2617 tanta
785 2578 862 2617 est
898 2570 999 2617 Dei
1035 2568 1273 2629 scientia,
1328 2584 1429 2617 non
1476 2576 1549 2618 est
1580 2570 1716 2632 quod
1737 2570 2013 2633 gloriemur
2057 2570 2113 2619 de

150 2656 308 2698 nostra
341 2650 581 2712 sapientia
619 2658 704 2699 aut
739 2650 990 2698 honorem
1028 2666 1090 2698 ex
1127 2665 1188 2697 ea
1227 2649 1375 2697 nobis
1414 2658 1671 2713 captemus
1689 2687 1700 2707 ,
1758 2664 1869 2697 cum
1910 2658 2013 2698 tota
2051 2651 2113 2698 sit

151 2727 294 2777 instar
330 2730 476 2778 nihili
513 2746 681 2778 coram
719 2730 850 2779 Deo.
1939 2785 1944 2790 ⁸

251 2807 320 2873 b)
359 2809 413 2857 Si
450 2817 591 2859 tanta
627 2819 702 2858 est
739 2809 1060 2859 imbecillitas
1099 2808 1289 2873 ingenii
1328 2808 1504 2869 nostri,
1544 2817 1599 2857 ut
1638 2824 1703 2857 ne
1740 2809 1980 2861 formicae
2006 2810 2112 2873 qui-

152 2888 251 2937 dem
304 2897 558 2950 naturam,
610 2889 986 2949 formationem,
1041 2889 1293 2947 indolem,
1344 2889 1521 2948 vitam,
1574 2897 1762 2937 aetates
1801 2905 2112 2953 cognoscere

149 2970 416 3031 possimus,
469 2978 552 3018 aut
589 2970 789 3017 alterius
826 2970 897 3018 rei
935 2970 1148 3018 maxime
1186 2969 1367 3019 obviae
1404 2968 1705 3029 essentiam,
1752 2970 1988 3032 quomodo
2023 2977 2111 3033 po-

151 3050 339 3099 terimus
374 3050 432 3099 de
467 3052 706 3115 mysteriis
731 3050 922 3099 divinis
955 3056 1004 3099 et
1043 3050 1509 3113 supernaturalibus
1558 3049 1775 3097 iudicare
1789 3086 1801 3107 ‚
1856 3066 1985 3113 quae
2039 3067 2112 3099 sa-

151 3128 328 3190 pientia
365 3130 466 3177 Dei
504 3128 696 3177 infinita
733 3130 884 3179 nobis
923 3129 1030 3178 sola
1067 3129 1341 3194 patefecit?

257 3222 306 3271 3.
359 3209 584 3257 Affectus
633 3226 855 3259 summae
901 3216 950 3259 et
995 3210 1220 3258 assiduae
1268 3210 1563 3259 reverentiae
1614 3224 1733 3271 erga
1784 3208 1968 3259 Deum.
2058 3210 2111 3257 Si

153 3290 276 3341 omni
325 3290 442 3339 loco
493 3298 544 3339 et
592 3298 820 3355 tempore
869 3306 1046 3341 omnes
1083 3289 1340 3349 actioneS,
1394 3289 1753 3353 cogitationeS‚
1805 3288 2112 3339 intentiones

155 3381 334 3419 nostras
372 3369 620 3429 intuetur,
673 3378 859 3435 quanta
895 3369 1175 3418 reverentia
1211 3370 1418 3417 interius
1455 3378 1506 3417 et
1540 3369 1753 3417 exterius·
1790 3383 1959 3415 coram
1998 3369 2111 3431 ipso

1920 3676 1970 3752 [aa
1966 3644 1970 3648 .
