2367 3850
1083 179 1287 220 INDEX.

1045 339 1213 376 maza
1252 339 1333 376 111.

510 441 606 490 DE
643 441 930 490 HOMINE
968 442 1062 492 UT
1100 441 1228 491 EST
1266 441 1397 491 ENS
1436 440 1869 491 RATIONALE.

202 565 368 631 Caput
404 566 444 614 Ι.
501 565 900 616 Observationes
939 566 1267 615 instituuntur
1315 567 1449 616 circa
1500 565 1822 631 operationes
1871 565 2001 614 vitae

571 645 830 695 rationalis
869 646 921 694 in
959 645 1168 695 homine
1507 684 1517 695 .

237 725 408 775 Sectio
446 727 487 774 Ι.
543 726 939 775 Observationes
978 726 1110 775 circa
1150 726 1495 790 cognitionem
1532 725 1889 776 intellectivam

271 807 385 855 Art.
450 807 489 854 Ι.
545 807 626 854 De
663 806 779 854 idea
816 805 922 855 sive
961 807 1026 854 de
1064 804 1286 870 simplici
1324 805 1729 870 apprehensione

364 881 399 950 ξ
445 899 486 934 1.
540 886 622 935 De
661 885 865 935 obiecto
905 886 1050 934 ideae

565 967 603 1014 Ι.
659 966 933 1015 Obiectum
972 965 1217 1031 simplicis
1250 965 1671 1030 apprehensionis
1704 964 2003 1029 simpliciter

727 1045 1011 1095 declaratur

543 1126 607 1174 11.
664 1125 932 1175 Obiectum
970 1126 1233 1191 proprium
1272 1125 1555 1175 intellectus
1590 1125 1869 1174 accuratius
1920 1124 2003 1172 de·

729 1206 949 1255 claratur
1024 1244 1034 1255 .

367 1285 713 1334 Corollarium.
774 1285 1046 1336 Obiectum
1082 1285 1345 1350 proprium
1370 1284 1654 1336 intellectus
1680 1285 1884 1333 humani
1912 1290 1989 1333 est

797 1365 1079 1417 universale

368 1440 403 1509 ξ
443 1457 490 1492 2.
542 1445 623 1494 De
661 1445 860 1511 origine
898 1455 949 1494 et
986 1445 1333 1495 efformatione
1371 1445 1593 1494 idearum
1670 1485 1679 1493 .

564 1525 605 1575 Ι.
657 1525 740 1574 De
778 1526 971 1590 origine
1009 1526 1236 1574 idearum

545 1605 610 1654 ΙΙ.
663 1604 745 1653 De
783 1605 1126 1654 efformatione
1165 1605 1391 1654 idearum

277 1685 390 1734 Art.
429 1686 493 1734 II.
547 1685 629 1733 De
666 1685 846 1734 iudicio
869 1722 880 1734 .
1190 1724 1199 1733 .

367 1760 402 1829 ξ
448 1777 490 1814 1.
543 1765 736 1813 Natura
775 1765 946 1814 iudicii
982 1765 1265 1831 generatim
1302 1764 1584 1814 declaratur
1672 1803 1680 1812 .

365 1841 400 1908 ἓ
440 1856 488 1894 2.
542 1845 861 1894 Elementum
897 1845 1107 1894 formale
1146 1844 1318 1894 iudicii
1354 1845 1635 1894 accuratius
1674 1845 1938 1909 inspicitur
1990 1882 2001 1894 .

273 1923 386 1974 Art.
403 1926 495 1974 ΙΙΙ.
549 1927 632 1974 De
669 1926 935 1975 ratiocinio
1027 1965 1036 1975 .

273 2004 537 2055 Scholion.
611 2006 693 2054 De
732 2006 946 2055 diversis
985 2006 1270 2056 intellectus
1310 2005 1835 2055 denominationibus».

241 2082 412 2134 Sectio
437 2086 502 2134 11.
557 2085 956 2135 Observationes
995 2087 1130 2135 circa
1167 2086 1448 2151 appetitum
1484 2085 1778 2135 rationalem
1817 2087 1896 2135 vel
1922 2102 2005 2135 vo-

633 2166 874 2214 luntatem

275 2246 386 2294 Art.
451 2246 489 2294 1.
543 2246 627 2296 De
664 2246 865 2296 obiecto
903 2246 1176 2295 voluntatis

366 2322 402 2389 ἓ
447 2339 490 2375 1.
543 2325 814 2374 Obiectum
854 2326 1126 2375 voluntatis
1165 2324 1462 2390 simpliciter
1498 2285 1782 2376 declaratur
1832 2364 1841 2374 .

369 2402 404 2469 ἓ
444 2418 489 2454 2.
545 2406 818 2455 Obiectum
872 2407 1131 2471 proprium
1186 2406 1459 2455 voluntatis
1512 2406 1792 2455 accuratius
1845 2406 2001 2455 deter-

616 2486 834 2535 minatur
868 2525 878 2535 .
1192 2525 1200 2533 .
1352 2525 1361 2535 .
1672 2524 1681 2534 .

276 2564 387 2613 Art.
427 2567 490 2614 H.
543 2566 626 2615 De
664 2566 1044 2631 operationibus
1081 2566 1163 2615 vel
1201 2566 1395 2615 actibus
1433 2564 1706 2615 voluntatis

369 2641 404 2709 ξ
449 2658 491 2694 1.
543 2646 626 2695 De
665 2647 858 2696 actibus
900 2646 1174 2696 voluntatis
1213 2646 1522 2711 generatim.

569 2727 610 2775 Ι.
664 2727 821 2776 Notio
860 2726 1132 2776 voluntarii
1191 2763 1201 2774 .

546 2807 610 2856 ΙΙ.
665 2807 874 2871 Species
912 2806 1182 2856 voluntarii

369 2881 404 2950 ξ
445 2898 490 2935 2.
544 2886 626 2937 De
662 2886 947 2936 voluntario
984 2886 1146 2936 libero
1184 2887 1447 2951 speciatim
1512 2924 1522 2935 .

590 2967 632 3016 1.
684 2967 844 3016 Notio
880 2966 1125 3016 libertatis
1163 2967 1413 3016 evolvitur

568 3046 633 3096 Π.
687 3048 770 3097 De
807 3048 1095 3096 exsistentia
1133 3055 1185 3096 et
1223 3047 1521 3096 extensione
1559 3047 1807 3095 libertatis
1841 3046 1892 3093 in
1917 3045 2004 3093 ho-

765 3128 897 3177 mine

696 3220 736 3257 1.
790 3208 872 3255 De
911 3208 1142 3256 libertate
1182 3224 1213 3255 a
1250 3208 1511 3257 coactione

692 3300 738 3335 2.
793 3288 874 3335 De
911 3286 1148 3335 libertate
1188 3305 1216 3335 a
1254 3288 1553 3336 necessitate
1599 3286 1681 3335 vel
1732 3287 1795 3334 de
1834 3246 2005 3332 ’libero

867 3368 1072 3416 arbitrio

2098 180 2179 218 vn

2073 505 2181 558 Png.

2114 653 2178 708 57

2116 733 2178 787 57

2115 813 2178 866 57

2119 891 2179 944 57

2115 1041 2181 1107 58

2116 1211 2180 1264 59

2117 1373 2181 1426 59

2114 1447 2184 1494 60

2114 1527 2183 1574 60

2114 1607 2183 1663 64

2114 1686 2183 1732 66

2114 1765 2183 1812 66

2114 1845 2182 1892 66

2116 1926 2182 1983 69

2115 2015 2181 2066 70

2116 2176 2175 2228 71

2116 2254 2175 2305 7¹

2117 2334 2175 2385 71

2116 2495 2175 2546 71

2117 2575 2180 2627 73

2117 2653 2181 2707 73

2117 2733 2181 2787 73

2116 2815 2183 2867 74

2118 2894 2179 2947 75

2118 2974 2179 3027 75

2119 3133 2181 3186 77

2118 3213 2181 3264 77

2118 3368 2181 3417 77
