2367 3850
140 181 209 216 DE
246 182 438 230 MODO,
480 183 599 226 QUO
632 182 847 220 CORPUS
881 185 955 220 ET
989 184 1177 222 ANIMA
1214 183 1521 222 UNIUNTUR
1557 185 1617 223 m
1655 186 1906 223 HOMINE.
1991 185 2086 236 127

219 349 269 386 2.
312 330 425 387 Ex
478 331 773 390 doctrinae
824 333 994 390 huius
1040 334 1492 408 acceptabilitate.
1579 333 1885 392 Sententia
1929 334 2090 392 enim

102 429 295 476 nostra
322 420 527 494 logice
558 420 876 479 deducitur
914 439 989 480 ex
1029 421 1331 497 principio
1373 423 1638 482 evidenti
1683 423 2091 482 conscientiae

100 506 433 566 testimonio
478 510 807 568 declarato,
895 511 1076 569 Unde
1119 510 1384 571 rationes
1425 512 1764 584 dubitandi,
1825 513 1872 570 si
1933 529 2088 588 quae

100 596 323 667 adsunt,
367 600 615 656 nonnisi
644 609 1005 675 apparenter
1034 601 1189 659 thesi
1216 611 1458 659 nostrae
1489 601 1792 660 adversari
1821 613 2088 677 possunt.

100 685 330 744 Revera
364 697 570 746 autem
609 690 771 746 clare
813 688 1103 760 videmuS,
1150 707 1307 764 quae
1349 707 1424 748 ex
1465 689 1717 749 adversa
1757 700 1926 766 parte
1969 708 2092 748 mo·

100 774 308 833 liuntur
366 777 751 836 difficultates
797 778 1045 836 dubium
1097 780 1364 853 prudens
1405 779 1681 856 ingerere
1727 798 1850 838 non
1893 796 2088 855 posse.

100 865 233 922 Sola
258 866 426 924 enim
459 885 620 940 quae
656 867 852 942 primo
881 867 1093 925 intuitu
1123 869 1497 927 commoveri
1539 879 1735 944 potest
1777 869 2092 926 difficultas

102 953 359 1012 consistit
388 955 452 1013 in
482 973 580 1031 eo,
625 958 792 1031 quod
832 956 1031 1014 anima
1071 959 1392 1032 spiritualis
1431 957 1702 1017 videatur
1745 977 1870 1017 non
1913 975 2090 1034 posse

102 1060 221 1101 esse
270 1046 548 1120 corporis
602 1047 824 1118 forma,
886 1044 1031 1121 quin
1074 1063 1149 1104 eo
1193 1047 1325 1121 ipso
1367 1048 1469 1105 fiat
1511 1047 1703 1106 forma
1745 1046 2088 1105 materialis,

104 1133 215 1192 Sed
268 1133 427 1192 haec
482 1135 801 1194 difficultas
844 1135 1172 1207 evanescit,
1239 1137 1286 1195 si
1329 1136 1691 1194 admittimus
1733 1136 2091 1212 principium

104 1240 135 1277 a
173 1223 227 1280 S.
258 1224 536 1282 Doctore
581 1226 902 1296 laudatum,
939 1224 1181 1300 formas
1221 1227 1427 1283 scilicet
1463 1227 1548 1282 ita
1588 1227 1650 1282 in
1691 1233 1907 1284 natura
1947 1225 2093 1284 ordi-

104 1314 245 1382 nari,
274 1319 343 1369 ut
354 1313 603 1387 formae
629 1317 947 1390 superiores
964 1317 1027 1372 in
1044 1332 1103 1372 se
1120 1317 1447 1372 contineant
1460 1317 1725 1373 vertutem
1745 1314 2093 1389 inferiorum

103 1410 157 1456 et
206 1402 509 1460 excedant
532 1405 566 1460 ¹.
660 1403 918 1462 «Anima
974 1404 1134 1462 enim
1192 1404 1456 1462 humana
1495 1421 1620 1461 non
1663 1415 1755 1462 est
1796 1403 1989 1462 forma
2031 1402 2092 1459 in

104 1490 341 1548 materia
399 1491 705 1567 corporali
760 1492 1043 1551 immersa
1097 1495 1192 1551 vel
1250 1493 1328 1550 ab
1386 1511 1458 1550 ea
1514 1493 1775 1551 totaliter
1823 1507 2093 1566 compre-

104 1579 297 1651 hensa,
345 1591 601 1656 propter
640 1600 807 1639 suam
838 1581 1313 1658 perfectionem3
1357 1592 1417 1640 et
1445 1581 1584 1640 ideo
1625 1582 1775 1640 nihil
1816 1580 2095 1656 prohibet

107 1668 359 1744 aliquam
405 1670 533 1728 eius
573 1671 852 1730 virtutem
896 1689 1023 1730 non
1066 1689 1196 1730 esse
1241 1672 1514 1748 corporis
1555 1681 1774 1742 actum,
1823 1669 2093 1745 quamvis

106 1759 293 1816 anima
334 1760 669 1818 secundum
712 1779 879 1818 suam
924 1761 1244 1820 essentiam
1287 1762 1362 1819 sit
1403 1762 1674 1836 corporis
1717 1761 1962 1818 forma.»
1992 1758 2013 1790 ²

214 1863 289 1921 11.
320 1863 602 1922 Probatio
630 1865 921 1923 indirecta.
984 1865 1332 1924 Sententiae
1361 1864 1523 1924 enim
1553 1863 1885 1941 oppositae,
1917 1879 2093 1937 quae-

107 1969 351 2027 cumque
382 1954 707 2029 finguntur,
750 1975 878 2013 non
907 1956 1166 2014 afferunt
1194 1954 1488 2014 rationem
1518 1954 1910 2013 sufficientem
1954 1970 2092 2008 con-

106 2040 386 2101 sensionis
429 2052 555 2100 tam
597 2043 845 2103 intimae
889 2044 1194 2103 actionum
1239 2044 1476 2102 animae
1521 2054 1580 2102 et
1621 2042 1909 2117 corporis,

219 2151 266 2190 1.
318 2131 829 2191 Occasz'onalzkmus
876 2134 1039 2192 enim
1085 2154 1200 2192 non
1241 2135 1488 2210 explicat
1499 2178 1516 2203 ,
1574 2132 1682 2191 sed
1725 2140 1936 2189 contra
1977 2127 2091 2187 evi-

106 2218 507 2279 dentissimum
550 2222 961 2282 conscientiae
1004 2222 1410 2282 testimonium
1453 2228 1629 2295 negat
1664 2218 2090 2278 commercium

107 2308 239 2366 illud
281 2311 463 2381 reale,
512 2312 679 2386 quod
723 2312 962 2371 animae
1006 2323 1095 2371 est
1135 2330 1274 2370 cum
1319 2329 1593 2387 corpore.

222 2418 271 2455 2.
316 2400 491 2458 Idem
520 2396 669 2460 vero
711 2400 1041 2460 dicendum
1084 2411 1172 2461 est
1215 2401 1294 2459 de
1335 2401 1641 2457 harmonia
1669 2396 2086 2473 praestabiliter.

110 2488 173 2542 In
197 2488 313 2547 hoc
342 2488 508 2547 enim
551 2499 874 2565 systemate
917 2491 1059 2547 unio
1102 2489 1258 2549 inter
1300 2488 1563 2547 animam
1606 2498 1665 2545 et
1708 2503 1924 2559 corpus
1965 2501 2092 2541 non

107 2586 249 2634 esset
274 2577 471 2649 realis,
512 2579 621 2637 sed
650 2577 861 2637 idealis
890 2588 1136 2650 tantum,
1180 2578 1264 2636 ita
1305 2588 1369 2636 ut
1411 2577 1624 2636 eadem
1669 2584 1838 2643 esset,
1883 2573 1932 2631 si
1972 2570 2091 2630 ani-

108 2682 253 2723 mam
280 2684 761 2743 supponeremus
792 2684 921 2726 esse
950 2666 1013 2725 in
1051 2666 1408 2737 aetheribus,
1454 2683 1670 2740 corpus
1712 2680 1854 2721 vero
1896 2662 1987 2719 his
2028 2659 2090 2716 in

106 2753 263 2813 terris
304 2773 709 2815 commorans

110 2961 135 3011 ὲ
168 2966 377 3033 laquelle
416 2967 568 3016 l'ame
606 2968 934 3017 raisonnable
972 2968 1126 3016 etend
1166 2983 1222 3015 sa
1260 2980 1447 3031 propre
1486 2964 1827 3021 subsistence‚
1887 2970 1964 3009 est
2017 2958 2087 3005 in-

113 3048 309 3110 eapable
343 3050 410 3097 de
446 3048 635 3097 rendre
661 3057 865 3112 compte
893 3048 962 3097 du
987 3048 1078 3097 fait
1104 3049 1169 3096 de
1197 3043 1378 3095 l'unite'
1395 3043 1724 3093 substantie-lle
1759 3041 1823 3089 de
1850 3038 2086 3089 l’homme

113 3136 155 3173 et
188 3128 249 3177 de
284 3131 483 3178 l'union
521 3124 825 3192 intrinsbque
862 3129 927 3177 de
965 3129 1015 3177 la
1052 3128 1263 3177 matiere
1302 3135 1353 3175 et
1389 3126 1454 3174 de
1491 3123 1683 3188 l'esprit
1722 3122 1846 3169 dans
1879 3120 1927 3168 le
1955 3134 2087 3167 com-

113 3210 222 3269 pose
257 3209 497 3257 humain»
547 3206 793 3272 (Mercier
826 3209 859 3258 1.
901 3225 943 3258 c.
983 3226 1034 3273 p.
1080 3206 1227 3273 504).

223 3286 239 3319 ¹
279 3290 356 3339 Cf.
397 3304 556 3353 supra
592 3304 644 3352 p.
693 3301 807 3337 102.

222 3366 243 3398 ²
280 3372 330 3420 S.
381 3372 577 3428 Thom„
620 3368 671 3418 S.
713 3369 867 3418 theol.
908 3370 946 3427 1,
989 3386 1037 3432 q.
1082 3368 1164 3427 76,
1208 3382 1251 3413 a.
1300 3377 1318 3410 1
1365 3364 1429 3409 ad
1468 3376 1517 3421 4.
