2367 3850
101 0 552 35 -ffi‘TTWE'a‘V
575 17 586 24 ,
598 0 608 2 “
625 0 697 7 ἡ·

146 216 212 251 1)ss
248 215 451 252 DOCTR.
496 215 703 252 SCHOL.
744 217 913 252 CIRCA
952 217 1052 252 DEI
1091 215 1500 254 COGNITIONEM
1538 217 1910 256 NATURALEM.
1992 206 2092 266 169

228 364 463 422 Leibniz
531 364 795 438 denique
864 365 1081 424 eodem
1149 365 1337 423 modo
1407 366 1491 423 sic
1560 382 1905 441 progressus
1971 375 2088 426 est:

128 452 397 512 Possibile
442 462 535 512 est
576 455 774 512 Deum
818 455 1116 525 exsistere,
1160 454 1211 512 si
1254 455 1496 529 quidem
1545 453 1606 512 in
1651 455 1766 514 hoc
1808 454 1970 513 nulla
2011 456 2093 513 in·

126 541 360 600 volvitur
402 543 819 618 repugnantia.
878 542 1065 618 Atqui
1107 544 1153 601 si
1184 545 1348 602 Deus
1379 543 1676 618 possibilis
1705 554 1810 616 est,
1854 543 2090 615 exsistit,

129 633 252 706 quia
290 633 461 690 Deus
502 650 655 707 pure
694 631 993 708 possibilis
1037 651 1166 691 non
1221 643 1308 690 est
1363 632 1458 704 id,
1517 633 1681 708 quod
1737 632 2094 708 intellegitur

130 723 292 779 Deus.
378 721 549 796 Ergo
592 720 760 779 Deus
799 737 1009 779 revera
1053 720 1291 780 exsistit.

234 817 804 894 Argumentationes
859 819 997 876 illae
1039 837 1250 877 omnes
1292 838 1329 876 a
1370 818 1670 895 plerisque
1727 818 2092 878 scholasticis

130 907 667 983 reprehenduntur,
727 907 910 982 idque
967 907 1091 966 iure
1114 955 1127 980 ,
1192 907 1332 983 quia
1385 907 1462 966 de
1520 906 1732 967 ordine
1774 907 1972 984 logico
2016 907 2093 966 ad

132 998 392 1055 ordinem
423 995 666 1068 realem,
698 996 1124 1072 ontologicum,
1156 996 1284 1055 sine
1314 995 1545 1055 ratione
1575 995 1887 1056 sufficienti
1914 1008 2096 1055 trans·

131 1097 272 1145 eunt.
354 1087 449 1144 Ex
494 1104 570 1144 eo
613 1087 798 1157 enim,
856 1085 1023 1161 quod
1065 1086 1228 1144 Deus
1269 1086 1615 1160 intellegitur
1652 1095 1716 1143 ut
1769 1102 1905 1157 enS,
1971 1103 2094 1161 quo

128 1175 299 1234 maius
342 1174 597 1250 cogitari
637 1174 862 1250 nequit,
906 1185 1070 1234 recte
1105 1175 1414 1234 concludis
1442 1177 1622 1250 ipsum
1654 1185 2096 1247 concipiendum

128 1282 227 1321 esse
265 1271 333 1322 ut
368 1282 577 1322 revera
616 1265 997 1333 exsistentem,
1051 1281 1178 1322 non
1220 1272 1418 1323 autem
1462 1265 1576 1322 hac
1617 1265 1746 1322 sola
1787 1282 2097 1340 argumen-

128 1354 339 1412 tatione
381 1353 689 1412 deducere
730 1353 955 1429 poteris
996 1353 1190 1428 ipsum
1234 1377 1427 1412 revera
1467 1355 1746 1411 exsistere.

237 1453 440 1511 Potest
482 1462 685 1510 tamen
725 1451 825 1510 hic
865 1451 1139 1510 transitus
1180 1450 1447 1527 legitime
1488 1451 1723 1523 institui,
1783 1451 1862 1509 ita
1907 1461 1971 1509 ut
2013 1470 2097 1509 ar-

130 1541 485 1616 gumentatio
542 1559 617 1599 ex
670 1541 797 1599 idea
844 1541 959 1599 Dei
1014 1541 1276 1616 legitime
1331 1549 1635 1612 aequisita,
1707 1560 1819 1598 non
1874 1540 2095 1611 innata,

131 1647 361 1704 prorsus
421 1632 633 1688 valeat.
736 1629 1181 1689 Ratiocinando
1242 1630 1402 1688 enim
1472 1628 1557 1687 sic
1617 1648 1668 1688 e.
1730 1647 1785 1705 g.
1848 1629 2096 1705 procedi

131 1730 344 1793 potest:
389 1721 499 1777 Est
538 1719 600 1777 in
641 1729 842 1778 mente
885 1738 1020 1778 mea
1061 1717 1228 1777 notio
1265 1718 1435 1790 entiS,
1480 1736 1600 1794 quo
1629 1719 1817 1778 maius
1847 1718 2096 1794 cogitari

132 1808 345 1884 nequit,
391 1826 529 1866 cum
570 1809 645 1866 sit
680 1808 848 1867 notio
877 1809 1089 1867 summi
1118 1819 1179 1866 et
1203 1807 1550 1866 universalis
1578 1809 1738 1867 boni.
1798 1809 1917 1867 Sed
1945 1809 2096 1867 haec

131 1897 283 1957 notio
327 1915 453 1957 non
496 1907 692 1976 potest
736 1915 865 1957 esse
906 1898 1086 1957 inane
1128 1898 1476 1974 figmentum
1531 1897 1772 1969 mentiS,
1832 1915 1968 1956 cum
2023 1897 2096 1956 sit

132 1987 487 2063 principium
528 1999 723 2048 motus
765 1987 1045 2047 naturalis
1085 1986 1401 2047 voluntatis
1438 1987 1516 2046 ad
1557 1987 1746 2063 ipsum
1789 1986 1932 2045 illud
1977 1986 2098 2045 uni·

134 2078 354 2137 versale
411 2076 657 2137 bonum.
754 2080 861 2136 Est
916 2095 1063 2153 ergo
1121 2078 1273 2135 haec
1333 2077 1498 2135 notio
1554 2076 1847 2135 obiective
1903 2076 2094 2135 realiS.

134 2168 285 2243 Ergo
330 2166 553 2225 exsistit
592 2184 715 2239 enS,
774 2167 939 2242 quod
980 2167 1053 2224 sit
1093 2184 1386 2224 summum
1428 2165 1653 2223 bonum
1672 2210 1685 2235 ,
1743 2174 1802 2222 et
1841 2165 2097 2240 proinde

135 2274 419 2315 summum
460 2273 567 2314 ens
606 2257 703 2315 vel
746 2257 926 2315 Deus.

235 2354 365 2413 Sed
407 2354 561 2412 haec
606 2352 1037 2429 argumentatio
1094 2371 1220 2412 non
1278 2362 1366 2411 est
1420 2351 1532 2410 nisi
1589 2350 1702 2409 alia
1758 2351 1948 2409 forma
2004 2353 2097 2409 vel

136 2462 252 2517 pars
301 2443 599 2517 quaedam
641 2441 991 2519 argumenti,
1036 2442 1201 2519 quod
1243 2440 1566 2500 desumitur
1609 2460 1681 2499 ex
1708 2440 1959 2499 naturali
2001 2441 2098 2499 de-

138 2531 341 2592 siderio
403 2531 811 2603 beatitudinis,
873 2542 933 2591 et
988 2533 1065 2591 de
1122 2550 1243 2607 quo
1271 2532 1486 2589 ·altero
1542 2530 1604 2588 in
1660 2530 1855 2605 capite
1899 2548 2098 2588 sumus

141 2621 354 2680 dicturi.

236 2722 420 2793 Quae
463 2738 599 2778 cum
640 2718 720 2777 ita
760 2718 907 2790 sint,
955 2718 1293 2779 scholastici
1336 2717 1731 2777 communiter
1772 2719 1887 2776 hac
1930 2717 1990 2775 in
2034 2736 2098 2775 re

143 2827 237 2867 non
270 2808 593 2869 admittunt
621 2808 733 2867 nisi
762 2808 1306 2884 argumentationes
1334 2828 1372 2865 a
1390 2809 1713 2884 posteriori,
1753 2817 2100 2881 argumenta

145 2898 346 2957 scilicet
389 2897 814 2974 metaphysica,
860 2897 1122 2974 physica,
1168 2896 1447 2955 moralia:
1498 2896 1576 2957 de
1619 2896 1833 2972 quibus
1875 2896 1992 2954 iam
2035 2896 2097 2953 in

144 2986 234 3045 hoc
278 2986 450 3062 quod
492 2987 755 3062 sequitur
796 2986 990 3063 capite
1033 2986 1357 3046 dicendum
1401 2998 1506 3046 est.
