2367 3850
1881 1 1888 4 .
1907 1 1974 16 Γ.-.
1983 0 2056 20 Γ..

263 197 365 246 268
867 208 1101 245 Ennea,
1170 207 1619 245 PRAENOTIONES.

379 355 518 429 Qua
572 374 646 415 ex
705 366 876 432 parte
940 355 1137 416 ethica
1197 354 1570 431 distinguitur
1636 355 1713 414 ab
1776 355 2061 414 omnibus
2116 355 2238 414 aliis

255 443 536 516 scientiiS,
581 463 737 520 quae
779 445 856 504 de
898 443 1128 504 actibus
1169 443 1443 503 humanis
1486 443 1730 518 quidem
1772 444 2095 516 disserunt,
2138 444 2241 502 sed

255 531 318 590 in
387 532 528 609 ipsis
597 543 826 594 rectum
885 533 1162 593 ordinem
1223 533 1321 592 vel
1378 533 1545 592 nullo
1605 533 1791 593 modo
1851 531 2241 592 considerant

256 616 758 698 (anthropologia)
801 623 928 694 vel,
991 621 1040 680 si
1081 621 1495 694 considerant,
1555 639 1679 680 non
1738 621 1907 680 illum
1968 621 2237 697 praecise

253 710 560 770 declarant
576 757 591 782 ‚
647 712 750 786 qui
791 710 1022 770 homini
1062 711 1348 770 convenit
1362 758 1377 784 ,
1432 717 1709 786 quatenus
1747 712 1912 769 homo
1955 717 2075 780 est,
2135 711 2239 769 sed

255 809 429 874 prout
468 818 522 859 e.
565 819 622 876 g.
667 799 1104 876 grammaticuS,
1150 799 1396 876 logicuS,
1442 801 1612 859 faber
1651 809 1757 859 est.
1848 799 2033 858 «Non
2079 798 2235 858 enim

251 888 469 948 dicitur
508 889 857 965 simpliciter
899 889 1110 965 aliquis
1151 889 1337 948 homo
1379 889 1573 949 bonus
1616 907 1688 948 ex
1728 889 1876 961 hoc,
1940 887 2115 964 quod
2156 898 2239 946 est

250 978 476 1050 sciem,
533 979 630 1038 vel
684 979 930 1054 artifex3
989 978 1095 1040 sed
1150 977 1367 1038 dicitur
1419 979 1615 1037 bonus
1669 979 1861 1037 solum
1902 977 2233 1036 secundum

253 1065 415 1142 quid,
460 1076 605 1142 puta
644 1069 840 1126 bonus
880 1066 1318 1144 grammaticus,
1362 1078 1463 1125 aut
1501 1069 1697 1126 bonus
1739 1067 1967 1125 faber.»
2004 1066 2024 1099 ¹

371 1173 426 1230 3.
476 1165 589 1231 per
627 1165 892 1232 suprema
949 1159 1068 1215 eius
1095 1156 1390 1234 principia
1404 1200 1421 1226 ‚
1479 1167 1541 1215 ut
1597 1155 1997 1232 distinguatur
2044 1155 2234 1214 ethica

249 1263 286 1302 a
327 1243 587 1304 scientiis
628 1246 756 1304 aliis
785 1245 994 1306 ethicis
1021 1245 1423 1318 inferioribus,
1468 1263 1624 1321 quae
1666 1245 1744 1304 de
1784 1255 1957 1305 recto
1991 1244 2233 1320 quidem

249 1333 462 1392 morali
516 1334 847 1411 disputant,
905 1336 1013 1395 sed
1052 1354 1178 1394 non
1234 1335 1348 1393 nisi
1388 1334 1698 1412 principiis
1744 1335 1820 1392 ab
1871 1335 2079 1393 ethica
2117 1351 2233 1392 mu-

253 1421 442 1482 tuatis.
526 1425 706 1483 Tales
748 1433 882 1483 sunt
923 1442 976 1484 e.
1005 1443 1063 1500 g.
1093 1424 1489 1501 paedagogia,
1533 1423 2016 1500 iurisprudentia‚
2062 1441 2231 1482 oeco-

250 1512 452 1570 nomia
493 1512 739 1588 politica
761 1514 799 1573 ¹.

371 1620 426 1673 4.
485 1604 752 1661 naturali
801 1603 1009 1661 lumine
1067 1609 1414 1680 comparata.
1500 1601 1735 1676 Quibus
1789 1601 1993 1660 verbis
2048 1601 2229 1676 expri-

249 1688 425 1748 mitur
465 1701 634 1764 nota,
689 1711 810 1767 qua
848 1691 1106 1751 ethicam
1149 1691 1560 1767 distinguimus
1600 1711 1639 1749 a
1684 1692 1966 1764 theologia
2007 1692 2226 1748 morali.

249 1779 423 1837 Haec
465 1779 627 1838 enim
641 1825 656 1851 ‚
715 1799 1080 1856 quamquam
1121 1781 1200 1839 de
1242 1790 1410 1839 recto
1465 1781 1678 1839 ordine
1735 1789 1977 1838 actuum
2032 1781 2225 1837 huma-

246 1885 460 1927 norum
522 1887 632 1945 per
691 1887 970 1947 suprema
1029 1868 1154 1929 eius
1213 1869 1511 1947 principia
1569 1869 1860 1945 disputat,
1921 1867 2223 1927 obiectum

243 1968 444 2017 tamen
497 1977 666 2017 suum
709 1980 824 2019 non
875 1962 976 2019 sub
1030 1960 1215 2019 eodem
1254 1961 1466 2018 lumine
1518 1960 1835 2017 considerat
1886 1977 1959 2015 ac
2012 1957 2220 2029 ethica,

246 2046 388 2121 quia
429 2048 726 2125 principia
785 2068 890 2109 sua
943 2066 1069 2107 non
1123 2066 1158 2108 e
1201 2050 1317 2107 solo
1358 2047 1603 2108 rationis
1659 2047 1963 2107 naturalis,
1986 2048 2222 2117 lumine,

241 2134 350 2193 sed
393 2136 572 2195 etiam
616 2156 690 2197 ex
731 2139 971 2197 divinae
1015 2137 1397 2199 revelationis
1438 2136 1715 2212 deposito
1758 2146 1821 2196 et
1859 2136 2099 2212 legibus
2138 2153 2224 2193 ec·

244 2225 587 2285 clesiasticis
627 2226 931 2302 depromit
952 2229 991 2285 ⁸.

362 2316 550 2373 Actus
591 2317 884 2375 humanos
924 2335 1049 2376 non
1079 2334 1217 2375 raro
1258 2326 1480 2375 vocant
1518 2322 1673 2373 actus
1700 2316 1946 2373 morales
1988 2309 2049 2389 (a
2076 2328 2220 2371 voce

240 2398 465 2479 moris),
509 2405 650 2479 quia
692 2423 765 2464 ex
795 2423 1001 2464 eorum
1045 2404 1381 2480 frequentia
1408 2403 1683 2480 specialis
1723 2403 1823 2462 ille
1862 2422 1996 2462 mos
2026 2401 2219 2471 oritur,

244 2490 346 2565 qui
389 2491 604 2551 dicitur
632 2493 1003 2553 consuetudo
1047 2503 1108 2552 et
1147 2493 1453 2553 definitur:
1499 2494 1780 2568 frequens
1807 2492 1974 2551 idem
2004 2488 2219 2567 agendi

240 2581 451 2640 modus
495 2601 568 2641 ex
608 2582 798 2641 libera
840 2582 1340 2643 determinatione
1382 2591 1543 2641 ortus
1562 2582 1601 2641 ⁴.

363 2750 381 2783 ¹
419 2755 473 2805 S.
520 2755 710 2816 Thom„
751 2755 803 2805 S.
843 2755 996 2805 theol.
1037 2756 1077 2818 1,
1117 2756 1181 2816 ΙΙ,
1223 2772 1272 2820 q.
1310 2756 1392 2820 56,
1432 2772 1477 2825 a.
1508 2768 1554 2818 3.
1593 2780 1663 2789 —
1703 2754 1783 2804 Cf.
1824 2770 1939 2803 cum
1976 2753 2053 2813 iis,
2094 2766 2216 2817 quae

239 2833 304 2881 de
343 2834 548 2883 obiecto
586 2835 782 2884 formali
821 2835 1019 2901 logicae
1059 2833 1186 2899 (vol.
1226 2836 1266 2897 1,
1309 2850 1341 2897 9
1378 2844 1429 2883 et
1473 2836 1563 2899 10)
1604 2834 1835 2883 diximus.

361 2910 384 2943 ²
422 2914 785 2964 Oeconomiam
823 2915 1078 2980 politicam
1115 2915 1251 2965 illam
1290 2924 1474 2965 vocant
1510 2914 1799 2975 scientiam,
1854 2929 1985 2979 quae
2036 2919 2114 2961 est
2156 2910 2214 2958 de

239 2992 521 3042 divitiarum
573 2996 734 3062 copiis
784 2996 1158 3060 producendiS,
1214 2996 1609 3057 commutandis,
1648 2994 2037 3054 distribuendis,
2089 2992 2212 3039 insu-

236 3073 432 3123 mendis
469 3076 550 3124 vel
588 3077 964 3126 consumendis.

363 3151 385 3183 ⁸
421 3154 499 3205 Cf.
546 3155 598 3204 T
587 3156 723 3206 heod.
761 3157 950 3222 Meyer,
989 3156 1148 3206 Instit.
1190 3157 1306 3205 iuris
1344 3162 1503 3206 natur.
1542 3156 1584 3217 1,
1624 3168 1700 3206 xl.

359 3232 378 3262 ⁴
423 3234 613 3285 «Actus
664 3236 938 3297 humanus,
993 3246 1132 3286 actus
1181 3235 1309 3285 liber
1359 3244 1411 3285 et
1462 3243 1601 3285 actus
1651 3234 1855 3284 moralis
1892 3250 1996 3283 non
2031 3248 2086 3282 re
2120 3230 2207 3279 sed

237 3312 432 3359 ratione
471 3314 860 3376 distinguuntur.
909 3316 1070 3364 Actus
1107 3315 1289 3364 dicitur
1323 3316 1593 3376 humanus,
1631 3323 1879 3380 quatenus
1916 3322 1993 3363 est
2023 3309 2201 3361 homini

238 3389 472 3451 proprius
511 3392 680 3453 quoad
717 3393 950 3451 modum;
1009 3396 1142 3453 liber,
1200 3403 1445 3458 quatenus
1481 3394 1712 3459 procedit
1747 3412 1777 3443 a
1814 3394 2071 3443 voluntate
2105 3390 2204 3439 sine
