2367 3850
136 171 209 206 DE
249 171 437 222 MODO,
480 172 605 216 QUO
647 173 863 212 coRPus
903 175 979 212 ET
1016 175 1216 212 ANIMA
1254 176 1562 215 UNIUNTUR
1599 178 1658 214 ΙΝ
1691 178 1940 217 nouum.
2024 177 2120 230 125

95 317 373 378 veniente
434 320 641 396 aliqua
689 323 807 380 alia
850 322 1053 380 anima
1092 326 1193 382 vel
1251 325 1554 400 principio
1609 343 1997 402 quocumque
2039 330 2116 386 ab

91 409 289 465 anima
351 408 641 468 rationali
703 411 989 470 distincto
1006 457 1021 484 ,
1086 413 1197 471 sed
1259 432 1369 489 per
1431 413 1626 490 ipsam
1685 425 1960 474 naturam
2019 417 2116 474 vel

92 496 421 556 essentiam
464 499 705 558 animae
750 500 1077 559 rationalis,
1154 533 1159 540 -

209 586 393 658 Quae
442 587 727 647 doctrina
769 608 897 648 non
940 590 1021 651 ab
1064 591 1346 649 omnibus
1388 593 1765 669 philosophis
1809 594 2112 669 probatur.

208 676 493 734 Reicitur
551 679 713 736 enim
772 680 851 737 ab
899 678 1017 738 illis
1060 680 1359 752 omnibus,
1406 681 1512 754 qui
1555 682 1710 740 inter
1751 682 2016 740 animam
2058 691 2118 740 et

92 783 309 840 corpus
370 767 624 825 nonnisi
679 767 1126 826 accidentalem
1183 769 1476 828 unionem
1533 789 1666 830 esse
1721 769 2116 830 contendunt.

90 854 207 911 Sed
250 855 527 914 admissa
566 856 667 914 illa
708 857 937 916 unione
980 856 1362 928 accidentali,
1405 877 1632 934 magna
1670 859 1814 936 ipsis
1857 858 2118 934 exsurgit

91 942 419 1004 difficultas
470 946 817 1022 explicandi
868 957 1139 1006 mutuam
1183 948 1494 1006 actionum
1537 948 2114 1018 subordinationem,

91 1051 269 1106 quam
290 1032 458 1092 inter
476 1033 743 1093 animam
762 1045 823 1093 et
848 1053 1070 1110 corpus
1100 1035 1406 1107 exsistere,
1437 1056 1546 1095 sua
1565 1036 1784 1112 cuique
1804 1037 2120 1096 evidentis-

90 1121 235 1181 sime
247 1132 508 1181 testatur
523 1125 914 1182 conscientia.
947 1126 1135 1184 Unde
1152 1125 1218 1182 in
1237 1124 1508 1184 diversas
1526 1127 1752 1185 abeunt
1770 1124 2114 1184 sententias,

208 1213 288 1268 Et
318 1211 805 1271 Malebranchius
832 1213 933 1271 ille
966 1213 1218 1288 quidem
1257 1224 1578 1290 systemate
1621 1233 1729 1273 suo
1773 1215 2118 1273 occasiona-

90 1301 241 1358 lismi
265 1301 285 1332 ¹
342 1319 481 1359 rem
541 1301 909 1361 sufficienter
952 1302 1246 1378 explicari
1288 1322 1469 1379 posse
1514 1304 1846 1362 contendit.
1930 1305 2114 1370 DeuS,

88 1388 301 1464 inquit,
350 1390 684 1448 occasione
727 1402 1017 1463 motuum,
1072 1391 1178 1466 qui
1222 1391 1285 1450 in
1329 1410 1588 1467 corpore
1630 1394 1794 1463 fiunt,
1840 1391 2120 1467 producit

88 1480 147 1536 in
188 1479 407 1536 anima
450 1480 844 1551 sensationeS,
890 1481 1250 1540 affectiones
1292 1481 1522 1540 eisdem
1563 1481 1826 1539 motibus
1873 1496 2118 1555 respon-

88 1568 338 1641 dentes3
403 1569 636 1644 pariter
652 1614 666 1641 ,
730 1569 1060 1628 occasione
1122 1579 1366 1628 actuum
1423 1569 1800 1628 rationalium
1857 1568 2113 1637 animae,

88 1658 252 1715 Deus
297 1657 365 1714 in
412 1675 676 1733 corpore
722 1659 907 1716 efficit
950 1669 1149 1716 motus
1191 1659 1351 1718 vitae
1395 1657 1730 1717 sensitivae.

206 1747 549 1804 Leibnizz‘us
601 1765 750 1806 vero
792 1765 907 1824 per
947 1747 1317 1805 harmoniam
1361 1767 1398 1804 a
1440 1749 1580 1806 Deo
1623 1747 1701 1804 ab
1743 1745 1914 1805 initio
1943 1753 2112 1820 prae-

88 1836 408 1893 stabilitam
446 1836 607 1894 inter
648 1836 923 1895 diversos
965 1837 1210 1894 animae
1254 1845 1314 1894 et
1358 1834 1630 1910 corporis
1673 1845 1868 1892 motus
1911 1833 2114 1891 omnia

92 1926 313 1984 rectius
358 1926 655 2002 explicari
699 1927 1043 1985 autumavit.

209 2015 339 2073 Alii
382 2014 658 2089 denique
706 2016 915 2073 Lockio
957 2016 1075 2073 hac
1118 2016 1180 2072 in
1227 2033 1293 2073 re
1338 2014 1787 2073 consentientes
1832 2012 2115 2085 influxum

93 2104 406 2178 quendam
444 2104 746 2181 physicum
787 2104 1145 2177 admittunt,
1198 2104 1306 2161 sed
1350 2114 1554 2161 tamen
1599 2100 1753 2159 inter
1797 2100 1943 2157 duas
1985 2098 2115 2155 sub-

92 2194 337 2252 stantias
381 2194 723 2269 completas
744 2194 783 2251 ⁹.

206 2282 571 2358 Philosophi
600 2301 749 2341 vero
777 2283 1078 2357 plerique,
1125 2282 1283 2339 inter
1315 2299 1466 2355 quos
1507 2279 1767 2337 catholici
1792 2272 2120 2352 philosophi

92 2390 297 2440 omnes,
340 2372 613 2430 animam
652 2371 982 2429 humanam
1012 2369 1338 2428 admittunt
1371 2386 1502 2427 esse
1547 2365 1818 2441 corporis
1861 2364 2112 2420 formam

93 2460 551 2519 substantialem
594 2477 708 2536 per
750 2478 815 2518 se
862 2470 922 2519 et
966 2460 1382 2519 essentialiter.
1991 2480 2000 2487 ·

212 2550 393 2622 Quae
455 2549 711 2625 quidem
754 2549 1039 2607 doctrina
1077 2548 1210 2624 fide
1251 2546 1493 2605 tenenda
1537 2554 1640 2603 est.
1726 2545 1796 2599 In
1840 2536 2110 2598 Concilio

94 2640 251 2696 enim
300 2627 642 2697 Viennensi
688 2632 901 2713 (1311)
946 2638 1237 2697 Clemens
1279 2638 1336 2693 V
1393 2630 1762 2693 sollemniter
1815 2626 2108 2686 definivit:

100 2729 495 2787 «Doctrinam
556 2737 807 2787 omnem
866 2744 974 2787 seu
1028 2726 1396 2803 positionem
1445 2733 1672 2780 temere
1728 2725 2107 2812 asserentem,

94 2828 189 2875 aut
232 2828 577 2875 vertentem
620 2817 685 2875 in
730 2816 1015 2887 dubium,
1077 2815 1247 2889 quod
1290 2810 1619 2871 substantia
1662 2808 1910 2903 animae
1939 2810 2109 2859 ratlo-

93 2906 242 2965 nalis
283 2925 391 2965 seu
419 2905 830 2965 intellectivae
861 2924 1005 2965 vere
1036 2924 1111 2963 ac
1142 2922 1252 2979 per
1282 2920 1345 2960 se
1387 2898 1634 2958 humani
1675 2909 1943 2969 corporis
1984 2905 2108 2987 non

95 2995 163 3053 sit
221 2996 451 3067 forma,
512 2997 679 3054 velut
737 3014 1061 3054 erroneam
1109 3012 1183 3051 ac
1229 2988 1562 3049 catholicae
1605 2983 1904 3042 inimicam
1948 2975 2104 3045 fide1,

95 3084 410 3159 praedicto
468 3104 647 3144 sacro
706 3085 1091 3161 approbante
1137 3079 1430 3149 concili0‚
1492 3074 1912 3150 reprobamus3
1968 3064 2105 3122 defi-

219 3280 235 3311 1

213 3360 235 3391 ²
276 3281 431 3423 {iia}
432 3280 749 3409 Zissnissniisa}
762 3358 1061 3423 explanatas
1090 3354 1319 3403 invenies
1347 3349 1482 3411 apud
1508 3344 1723 3394 Met-sier
1745 3341 1776 3387 1.
1799 3354 1842 3385 c.
1864 3335 1966 3395 488
1989 3348 2097 3393 sqq.
