2367 3850
412 178 491 213 DE
532 178 672 214 IDEA
711 178 835 215 SIVE
875 179 952 214 DE
991 179 1243 216 SIMPLICI
1284 180 1775 218 APPREHRNSIONE.
2016 183 2082 234 59

215 327 296 382 ΙΙ.
358 335 666 385 obiectum
704 337 990 399 proprium
1029 338 1350 388 intellectus
1388 333 1706 390 accuratius
1756 341 2083 390 declaratur.

217 448 484 508 Assertio
503 449 552 507 J.
577 481 654 488 —
681 450 963 508 Obiectum
979 453 1288 528 proprium
1306 454 1402 510 vel
1410 454 1763 528 primarium
1782 455 2085 512 intellectus

81 537 348 596 lemnani
387 541 448 596 in
479 541 778 614 praesenti
814 548 969 598 statu
1011 549 1094 598 est
1129 542 1416 616 quidditas
1455 546 1551 602 vel
1570 545 1805 601 essentia
1846 545 1935 600 rei
1971 563 2085 602 ma·

77 629 338 685 terialis.

215 725 384 784 Nam
429 725 735 802 proprium
776 727 1110 787 intellectus
1139 729 1440 788 obiectum
1482 729 1627 787 illud
1664 740 1769 802 est,
1814 732 1892 789 ad
1921 730 2083 806 quod

83 815 685 890 apprehendendum
744 826 914 875 natus
969 827 1057 876 est
1099 817 1434 877 intellectus
1491 828 1551 876 et
1597 819 1760 894 quod
1802 819 2085 895 primario

88 914 152 962 et
195 922 313 980 per
359 922 424 962 se
454 905 854 980 apprehendit
877 907 911 963 ¹.
970 906 1156 981 Atqui
1184 906 1551 982 experientia
1578 917 1727 968 teste
1757 909 2087 968 intellectus

83 993 393 1068 primario
435 1005 496 1053 et
536 1012 646 1070 per
689 1013 750 1053 se
793 996 1050 1072 percipit
1092 995 1487 1071 quidditatem
1515 997 1609 1056 vel
1642 997 1958 1056 essentiam
2000 997 2084 1056 rei

84 1083 444 1142 materialis.
505 1083 756 1142 Constat
785 1084 945 1143 enim
975 1085 1385 1161 cognitionem
1412 1086 1868 1146 intellectualem
1901 1087 2087 1146 homi·

86 1173 188 1232 nis
230 1194 270 1231 a
297 1191 477 1232 sensu
509 1173 818 1232 exordium
848 1175 1085 1247 ducere,
1131 1175 1293 1234 circa
1322 1175 1564 1234 sensiles
1592 1195 1687 1234 res
1715 1173 2086 1252 potissimum

88 1262 422 1338 occupari,
481 1262 560 1320 ad
605 1281 698 1322 res
739 1274 937 1323 autem
979 1264 1311 1340 spirituales
1351 1265 1590 1323 nonnisi
1637 1284 1821 1342 aegro
1867 1276 2085 1324 conatu

93 1370 434 1428 assurgere.
521 1352 696 1425 Quae
739 1353 876 1412 satis
918 1353 1186 1412 indicant
1227 1354 1593 1414 intellectum
1634 1366 1901 1414 nostrum
1960 1373 2085 1412 non

91 1442 176 1500 ad
221 1442 558 1518 spiritualia
601 1442 878 1514 omninO,
941 1443 1047 1502 sed
1091 1443 1167 1502 ad
1223 1443 1633 1502 immaterialia
1676 1444 1735 1501 in
1794 1443 2081 1503 materiali

95 1531 629 1608 apprehendenda
669 1541 871 1590 natum
915 1551 1058 1592 esse.

230 1621 593 1679 «Intellectus
632 1623 873 1688 humani
897 1625 1204 1699 proprium
1246 1624 1566 1692 obiectum»,
1610 1623 1691 1681 ait
1734 1624 1791 1680 S.
1836 1625 2084 1692 Doctor,

106 1719 228 1768 «est
267 1711 560 1786 quidditas
599 1712 715 1770 sive
756 1720 972 1770 natura
1011 1714 1072 1770 in
1113 1714 1359 1770 materia
1395 1713 1683 1789 corporali
1719 1713 2039 1771 exsistens.»
2068 1713 2088 1745 ²

226 1843 492 1901 Assertio
519 1842 608 1901 II.
653 1875 730 1882 —
772 1845 888 1902 Res
927 1845 1152 1902 omnine
1193 1846 1535 1921 spirituales,
1573 1845 1913 1922 praesertim
1954 1862 2087 1902 vero

102 1941 324 1991 natura
349 1934 494 2003 Dei,
524 1942 660 1991 sunt
683 1934 942 1992 obiectum
969 1936 1380 2006 secundarium,
1423 1938 1529 1994 etsi
1540 1946 1653 2013 per
1679 1954 1753 2005 se,
1784 1935 2090 1993 intellectus

99 2024 360 2081 humani.

223 2120 619 2197 Experientia
661 2121 822 2179 enim
866 2132 1098 2180 constat
1138 2141 1235 2181 res
1276 2140 1441 2181 mere
1484 2121 1813 2195 spirituales
1851 2140 1887 2179 a
1914 2120 2089 2178 nobis

102 2230 230 2270 non
275 2210 570 2287 cognosci
610 2211 724 2269 nisi
767 2230 875 2287 per
905 2211 1211 2287 quandam
1240 2212 1697 2271 conversionem
1726 2212 1804 2270 ad
1832 2210 1998 2269 ideas
2027 2209 2088 2267 in

104 2302 282 2359 rebus
340 2300 655 2359 sensilibus
711 2302 1134 2376 apprehensas,
1228 2300 1327 2359 Sic
1382 2320 1434 2360 e.
1480 2320 1535 2376 g.
1594 2303 1791 2360 Deum
1845 2299 2089 2373 quidem

103 2390 536 2465 intellegimUS,
591 2390 699 2449 sed
740 2409 866 2449 non
907 2389 1022 2449 nisi
1062 2409 1172 2467 per
1215 2390 1625 2465 cognitionem
1669 2400 2085 2458 creaturarum,

107 2499 252 2554 quas
309 2480 510 2554 primo
567 2480 984 2555 cognoscimus
1041 2491 1100 2539 et
1154 2498 1403 2555 quarum
1448 2478 1847 2554 perfectiones
1902 2476 2086 2534 modo

105 2570 366 2644 analogo
410 2570 548 2627 Deo
591 2567 915 2628 tribuimus,

226 2701 620 2751 Corollarium.
709 2692 1030 2751 Obiectum
1090 2691 1403 2767 proprium
1462 2690 1793 2749 intellectus
1846 2688 2086 2747 humani

109 2792 191 2839 est
232 2784 594 2841 universale:
649 2781 950 2841 obiectum
994 2782 1184 2853 enim,
1245 2800 1320 2840 eo
1364 2780 1493 2855 ipso
1536 2780 1701 2855 quod
1757 2778 2088 2853 concipitur

109 2881 167 2927 ut
221 2872 588 2931 abstractum
645 2890 682 2928 a
737 2870 1197 2933 condicionibus
1252 2869 1812 2938 determinantibus,
1877 2866 2087 2941 quibus

111 2960 443 3018 afficiuntur
485 2978 579 3019 res
621 2960 948 3030 sensibileS,
993 2959 1331 3035 praedicari
1375 2968 1569 3034 potest
1610 2958 1687 3016 de
1726 2955 1989 3032 pluribus
2029 2962 2087 3012 et

113 3048 183 3106 de
227 3049 474 3123 singulis
493 3050 532 3107 ⁸.

233 3208 250 3239 ¹
290 3210 367 3260 Cf.
406 3210 508 3259 vol.
549 3211 588 3271 Ι,
636 3222 734 3273 133
774 3218 823 3257 et
870 3220 984 3271 139.

228 3287 251 3320 ²
289 3292 341 3339 S.
389 3290 579 3349 Tkom„
619 3289 671 3339 S.
712 3290 868 3339 theol.
910 3290 950 3349 I,
991 3305 1038 3353 q.
1081 3289 1164 3348 84,
1206 3304 1249 3335 a.
1294 3297 1339 3347 7.

234 3368 256 3399 ⁸
295 3370 372 3420 Cf.
412 3370 646 3429 Μιναίαν,
687 3369 1024 3433 Psychologie
1061 3384 1111 3431 p.
1155 3367 1257 3428 336
1296 3382 1405 3429 sqq.
