2367 3850
1272 4 1285 21 v
1307 0 1445 34 ’.Ἰὶἲῖχὲ
1474 15 1480 22 ¹
1501 2 1519 10 ς
1551 0 1628 24 v-c'
1656 11 1669 28 ν
1690 0 2349 186 ww

1700 33 1705 38 ¹
1790 35 1795 38 “
1884 35 1943 54 ¹.»
1986 45 1991 47 -

2346 197 2348 208 ⁴

2346 211 2348 224 i

2347 229 2348 238 η

266 217 370 264 216
893 227 1231 264 THEOLOGIA
1269 227 1605 264 NATURALIS.

393 376 452 434 T
443 376 742 443 homistae,
804 376 905 451 qui
947 377 1004 434 S.
1051 375 1333 434 Doctoris
1388 374 1725 433 doctrinam
1784 375 1897 432 hac
1950 376 2010 432 in
2055 394 2113 432 re
2155 393 2229 432 se

203 463 210 472 ”
263 462 412 522 tueri
455 475 777 536 autumant,
823 483 1180 524 concursum
1223 463 1531 539 praevium
1560 464 1815 522 omnino
1842 464 2059 538 requiri
2096 482 2233 521 con·

264 554 531 612 tendunt.
588 556 644 611 A
687 553 1000 613 molinistis
1040 560 1331 612 vocantur
1369 554 1545 610 etiam
1588 552 1924 624 bafieziani,
1968 572 2003 610 a
2041 553 2235 610 Banez
2349 567 2350 570 ’

266 641 528 716 ipsorum
571 643 902 702 sententiae
945 653 1412 718 propugnatore,
1456 652 1729 717 ternpore
1770 641 2053 700 Molinae.

387 732 558 805 Quae
603 749 738 790 cum
781 731 862 789 ita
903 731 1036 802 sint,
1079 732 1203 790 duo
1246 731 1421 790 nobis
1462 740 1633 788 erunt
1674 731 2059 806 praestanda:

393 841 442 878 1.
487 821 712 880 Contra
739 821 1092 878 Durandum
1135 820 1523 895 probabimus
1564 837 1924 878 concursum
1957 819 2073 878 Dei
2108 837 2235 878 esse

267 909 690 968 immediatum.

391 1017 440 1056 2.
487 997 666 1057 Circa
693 998 1046 1068 doctrinam,
1091 1016 1247 1072 quae
1276 1017 1313 1055 a
1342 997 1720 1056 Scholasticis
1761 997 1824 1054 in
1858 997 2237 1056 contentione

267 1087 524 1161 ponitur,
566 1086 802 1145 diversa
840 1087 1204 1145 diversarum
1234 1086 1488 1162 partium
1516 1097 1868 1161 argumenta
1904 1087 2239 1156 referemuS,

266 1194 391 1232 non
445 1186 508 1233 ut
565 1175 1033 1234 controversiam
1087 1174 1481 1234 diiudicemus
1498 1221 1511 1245 ,
1573 1175 1680 1233 sed
1734 1185 1823 1246 ut,
1883 1177 2047 1251 quod
2095 1175 2241 1233 veri·

267 1263 509 1322 similius
551 1264 883 1341 apparebit,
927 1265 990 1323 id
1031 1263 1434 1339 unusquisque
1476 1263 1757 1339 amplecti
1801 1264 2005 1340 possit.

832 1445 867 1512 ἓ
907 1461 952 1497 2.
1013 1449 1317 1498 Doctrinae
1356 1449 1676 1498 declaratio.

389 1566 434 1621 I.
479 1573 566 1621 De
607 1585 890 1621 concursu
928 1572 1255 1621 immediato
1296 1580 1493 1621 contra
1530 1574 1893 1621 Durandum:

388 1703 607 1752 'rhesis
696 1695 863 1751 Deus
916 1696 977 1751 in
1031 1695 1284 1752 omnibus
1334 1696 1643 1759 actionibus
1696 1703 2095 1752 creaturarum
2144 1698 2245 1752 im·

270 1783 506 1840 mediate
546 1785 840 1840 concurrit.

390 1906 682 1963 Probatur
722 1926 794 1963 ex
834 1907 1091 1965 absoluta
1131 1907 1311 1965 omnis
1352 1926 1463 1965 esse
1504 1908 1785 1966 mundani
1820 1928 1859 1966 a
1886 1909 2021 1967 Deo
2060 1908 2251 1983 depen-

267 1996 472 2051 dentia.
547 1994 785 2053 Etenim
827 1995 874 2053 si
905 1998 1068 2054 Deus
1095 2012 1223 2053 non
1264 1995 1627 2067 immediate,
1673 1998 1782 2055 sed
1824 1998 2085 2056 mediate
2126 2007 2251 2054 tan-

267 2094 389 2141 tum
434 2082 495 2140 in
539 2094 940 2141 creaturarum
970 2084 1305 2143 actionibus
1340 2096 1742 2157 concurreret,
1786 2086 1823 2144 i.
1855 2104 1907 2145 e.
1940 2084 2251 2161 largiendo

268 2182 494 2230 tantum
551 2173 920 2244 facultatem,
983 2184 1137 2232 esset
1192 2184 1386 2232 motus
1440 2174 1685 2249 quidam
1742 2174 2164 2251 independens
2216 2193 2250 2229 a

269 2263 404 2320 Deo
464 2272 713 2319 motore.
814 2264 1121 2321 Transitus
1186 2262 1417 2321 scilicet
1484 2263 1777 2321 facultatis
1848 2282 1923 2321 ex
1983 2261 2251 2339 potentia

271 2348 489 2424 agendi
536 2351 612 2408 ad
656 2360 850 2408 actum
894 2353 1063 2409 fieret
1103 2352 1232 2409 sine
1275 2352 1542 2410 motione
1586 2353 1731 2424 Dei,
1787 2352 1927 2427 quia
1970 2354 2138 2410 Deus
2180 2370 2249 2409 ex

268 2436 398 2513 ipsa
452 2438 767 2513 hypothesi
823 2439 968 2497 nihil
1025 2439 1184 2497 aliud
1240 2440 1606 2511 intenderet,
1666 2441 1779 2500 nisi
1833 2452 1897 2499 ut
1939 2440 2112 2499 daret
2154 2458 2253 2515 po-

270 2527 532 2586 tentiam.
621 2529 739 2587 Sed
773 2529 901 2586 -hoc
943 2528 1195 2587 omnino
1237 2539 1546 2605 repugnat,
1596 2531 1737 2604 quia
1778 2540 1919 2588 tunc
1962 2540 2249 2599 creatura,

270 2617 408 2674 dum
453 2627 686 2691 ageret,
744 2618 838 2675 vel
880 2618 1011 2692 ipsa
1067 2617 1178 2676 sibi
1221 2618 1391 2676 daret
1447 2617 1612 2692 quod
1652 2636 1778 2677 non
1820 2618 2100 2689 haberet,
2160 2619 2251 2676 vel

270 2716 466 2763 actum
522 2723 688 2763 suum
731 2707 807 2764 ab
850 2706 979 2765 aliis
1023 2706 1346 2782 reciperet,
1406 2707 1549 2782 quin
1593 2718 1747 2765 esset
1787 2708 2015 2783 primus
2054 2718 2253 2765 motor

269 2793 590 2853 immobilis
615 2798 646 2853 ¹.
669 2826 746 2833 —
768 2798 931 2871 Ergo
960 2796 1393 2855 admittendum
1425 2806 1511 2855 est
1532 2799 1727 2855 Deum
1757 2796 1817 2854 in
1846 2807 2250 2855 creaturarum

271 3005 628 3054 scholasticus»
673 3015 750 3055 est
786 3016 1008 3057 vocatus.
1085 3007 1399 3055 Sententiam
1438 3024 1577 3056 suam
1615 3009 1666 3056 in
1705 3025 1859 3073 opere
1896 3010 2245 3073 propugnavit

271 3085 350 3132 cui
391 3085 591 3133 titulus:
652 3087 969 3135 «Concordia
1007 3087 1150 3135 liberi
1189 3087 1383 3135 arbitrii
1438 3104 1550 3137 cum
1600 3089 1794 3153 gratiae
1846 3089 2024 3149 donis,
2082 3090 2250 3137 divina

272 3165 624 3229 praescientia,
665 3167 996 3231 providentia,
1037 3167 1498 3231 praedestinatione
1536 3176 1586 3217 et
1622 3169 2010 3233 reprobatione»
2058 3178 2156 3218 etc.

399 3242 414 3272 ¹
451 3245 720 3293 Rationem
760 3246 906 3294 huius
945 3247 1311 3311 repugnantiae
1349 3257 1669 3312 perspectam
1707 3250 1866 3297 habes
1904 3265 1967 3297 ex
2007 3250 2084 3309 iis,
2126 3266 2247 3313 quae

273 3324 323 3370 in
361 3325 528 3385 priore
567 3324 696 3371 libro
735 3325 952 3375 diximus
982 3327 1046 3374 de
1073 3326 1188 3375 Deo
1214 3343 1381 3375 rerum
1406 3329 1633 3377 omnium
1658 3330 1819 3393 primo
1846 3338 2045 3379 motore
2076 3328 2245 3395 (supra

272 3418 320 3463 p.
369 3398 511 3463 172).
