2367 3850
397 206 477 241 DE
518 206 976 242 OPERATIONIBUS
1015 207 1124 242 VEL
1164 207 1404 244 ACTIBUS
1444 207 1821 244 VOLUNTATIS.
2033 206 2099 258 73

231 353 520 424 Proinde,
565 353 718 412 sicut
747 353 1078 413 intellectus
1103 353 1254 412 nihil
1282 353 1571 431 intellegit
1597 354 1713 414 nisi
1740 356 1849 414 sub
1880 355 2101 415 lumine

103 441 382 501 notionis
410 442 762 500 universalis
805 442 956 502 entis
1001 453 1066 501 ut
1104 443 1249 516 veri,
1296 443 1376 501 ita
1416 443 1597 502 etiam
1639 445 1913 502 voluntas
1956 444 2101 502 nihil

99 534 235 588 vult
289 531 408 590 nisi
471 532 579 589 sub
637 533 859 590 influxu
920 532 1162 590 rationis
1212 533 1559 591 universalis
1612 533 1766 592 entis
1819 544 1883 591 ut
1936 533 2097 592 boni.

97 623 350 679 Bonum
380 619 715 679 universale
743 622 867 679 vult
892 621 1178 696 primario
1208 631 1269 680 et
1296 631 1544 696 propter
1581 639 1664 692 se,
1707 622 1872 679 bona
1900 633 2097 680 autem

97 710 504 784 particularia
544 709 900 768 secundario
943 720 1002 768 et
1041 721 1291 786 propter
1334 713 1557 768 bonum
1598 711 1951 770 universale.

233 801 366 857 Iam
393 815 557 870 ver0,
604 799 769 874 quod
796 800 1066 858 volumus
1106 809 1353 875 propter
1382 818 1463 871 se,
1509 799 1724 858 dicitur
1746 801 1915 875 finis,
1960 799 2101 874 quia

97 899 196 946 est
236 888 318 959 id,
365 906 490 964 quo
517 889 786 960 obtent0,
829 889 1101 964 operatio
1128 889 1447 948 voluntatis
1482 888 1735 964 desinit3
1777 907 1852 947 ea
1880 899 2095 960 autem,

101 996 269 1051 quae
312 977 651 1054 appetimus
693 987 941 1054 propter
980 979 1180 1048 finem,
1224 977 1500 1037 dicuntur
1541 978 1743 1036 media
1763 979 1795 1036 ¹.

233 1067 442 1140 Quare
483 1067 816 1126 universale
845 1067 1090 1138 bonum,
1135 1085 1273 1126 cum
1300 1068 1417 1126 tale
1447 1066 1536 1139 sit,
1581 1077 1645 1125 ut
1680 1077 1865 1126 totam
1893 1068 2098 1126 volun·

101 1155 246 1214 tatis
289 1155 689 1231 capacitatem
719 1157 970 1231 expleat,
1008 1174 1126 1214 nec
1155 1156 1316 1215 aliud
1345 1156 1669 1231 quicquam
1697 1166 1863 1214 extra
1904 1156 2097 1231 ipsum

103 1244 371 1303 inveniri
411 1244 600 1320 possit
641 1246 806 1320 quod
847 1255 1178 1321 appetatur,
1225 1245 1439 1304 dicitur
1467 1244 1647 1304 etiam
1671 1246 1822 1321 finis
1847 1246 2095 1313 ultimus,

110 1334 259 1410 quia
300 1333 368 1390 in
408 1334 542 1410 ipso
586 1333 858 1392 voluntas
898 1334 1105 1393 ultimo
1149 1334 1417 1410 quiescit,
1460 1335 1558 1392 vel
1588 1332 1765 1393 etiam
1794 1334 2092 1401 beatitudo,

109 1441 271 1498 quae
345 1434 436 1481 est
481 1433 726 1482 ,«status
795 1423 1062 1482 omnium
1123 1423 1421 1482 bonorum
1482 1421 1909 1499 aggregatione
1965 1440 2095 1498 per-

109 1513 342 1570 fectus»
366 1510 406 1570 ³.
505 1511 765 1570 Proinde
825 1523 986 1570 recte
1047 1511 1264 1571 dicitur
1323 1512 1534 1572 etiam:
1603 1511 1801 1570 «Finis
1859 1511 2097 1570 ultimus

106 1601 378 1659 hominis
417 1611 508 1658 est
549 1601 881 1660 universale
923 1601 1150 1659 bonum
1192 1602 1290 1660 vel
1316 1600 1625 1660 beatitudo
1670 1599 1733 1658 in
1773 1618 2049 1675 genere.»
2075 1601 2096 1632 ⁸

891 1779 1224 1828 ARTICULUS
1265 1792 1323 1830 11.

229 1893 333 1941 DE
375 1892 945 1944 OPERATIONIBUS
982 1893 1122 1943 VEL
1159 1892 1458 1943 ACTIBUS
1496 1891 1967 1942 VOLUNTATIS.

473 2030 508 2097 ξ
554 2047 596 2084 1.
662 2036 748 2082 De
784 2034 1008 2084 actibus
1044 2033 1358 2083 voluntatis
1394 2034 1721 2099 generatim.

225 2162 272 2217 I.
331 2168 512 2217 Notio
552 2167 864 2216 voluntarii.
944 2159 1146 2215 Motus
1201 2158 1297 2216 vel
1352 2169 1515 2216 actus
1571 2158 1865 2233 appetitus
1922 2158 2091 2215 ratio-

111 2249 256 2307 nalis
300 2248 524 2305 dicitur
563 2248 962 2305 voluntarium.
1049 2248 1105 2303 A
1149 2248 1369 2305 Schola
1410 2246 1644 2305 definiri
1685 2247 1864 2305 solet:
1918 2247 2092 2303 «actio

113 2338 178 2394 ab
218 2338 451 2394 interno
481 2336 766 2411 principio
797 2336 1104 2411 procedens
1143 2354 1265 2393 cum
1306 2336 1613 2410 cognitione
1634 2337 1785 2411 finis
1793 2354 1818 2386 ›>
1845 2338 1880 2393 ⁴.

228 2425 334 2484 Ad
375 2426 672 2483 rationem
729 2426 904 2500 igitur
944 2425 1263 2483 voluntarii
1317 2423 1793 2483 constituendam
1842 2424 1962 2481 duo
2006 2442 2090 2481 re-

114 2514 450 2589 quiruntur:
503 2519 558 2571 1⁰
600 2514 799 2589 aliqua
842 2514 1106 2590 cognitio
1144 2514 1295 2586 finis,
1340 2516 1434 2573 vel
1464 2514 1587 2573 eius
1618 2514 1781 2588 quod
1818 2514 2091 2571 voluntas

113 2604 381 2676 intendit,
428 2623 502 2663 ex
544 2614 714 2679 parte
758 2603 1122 2678 intellectu53
1179 2614 1239 2662 et
1286 2610 1341 2661 2⁰
1384 2602 1727 2662 exercitium
1774 2600 2089 2660 voluntatis

119 2692 558 2753 consentientiS.

224 2784 412 2841 Actus
455 2780 752 2857 appetitus
801 2781 1065 2840 sensitivi
1083 2829 1097 2853 ,
1156 2781 1392 2857 quoties
1447 2780 1595 2839 fiunt
1636 2779 1697 2837 in
1743 2778 1917 2837 nobis
1971 2780 2089 2836 sine

117 2874 409 2945 cognitione
459 2872 742 2928 rationali
778 2870 928 2942 finis,
977 2872 1013 2931 i.
1059 2889 1110 2930 e.
1157 2870 1285 2929 sine
1328 2870 1660 2928 intellectus
1701 2867 2084 2938 advertentia,

230 3064 245 3095 ¹
285 3066 361 3115 Cf.
401 3066 502 3115 vol.
541 3065 582 3119 Ι,
623 3078 743 3127 310.
890 3062 913 3094 ²
950 3066 1199 3124 Boethius,
1238 3066 1321 3112 De
1360 3063 1551 3113 consol.
1591 3063 1624 3112 l.
1664 3064 1756 3122 111,
1800 3079 1841 3111 c.
1888 3074 1933 3111 2.

228 3144 250 3175 ⁸
285 3147 448 3194 Huius
484 3145 807 3193 beatitudinis
845 3145 1052 3193 uberior
1083 3144 1357 3210 explicatio
1382 3142 1467 3191 fiet
1492 3144 1542 3192 in
1570 3142 1827 3205 theologia
1853 3142 2082 3189 naturali.

227 3224 248 3255 ⁴
285 3226 362 3275 Cf.
404 3227 454 3274 S.
506 3226 710 3285 Thon,
752 3224 803 3275 S.
843 3226 998 3274 theol.
1039 3226 1088 3285 Ι,
1130 3226 1207 3285 11,
1248 3242 1296 3288 q.
1337 3225 1541 3283 6—17;
1596 3224 1711 3271 item
1750 3223 1965 3279 Suarez,
2003 3222 2084 3269 De

126 3306 389 3355 voluntario
427 3316 476 3355 et
515 3306 856 3354 involuntario
894 3305 1027 3371 disp.
1075 3319 1116 3364 1,
1159 3314 1279 3355 sect.
1328 3316 1478 3363 1—4.
1541 3304 1731 3366 Meyer,
1770 3301 1927 3351 Instit.
1967 3300 2083 3348 iuris

129 3395 271 3435 natur.
307 3387 347 3447 1,
387 3388 449 3436 61
496 3401 608 3450 sqq.
670 3388 841 3445 Marc,
879 3386 1000 3434 Inst.
1041 3385 1259 3433 morales
1297 3383 1337 3442 1,
1379 3398 1429 3431 n.
1471 3391 1567 3441 271
1612 3398 1721 3444 sqq.
