2367 3850
620 194 837 232 FALSAE
878 195 1240 231 SENTENTIAE
1279 195 1652 232 REICIUNTUR.
2027 195 2092 244 32
2102 191 2128 245 5

150 343 398 400 buendis.
485 345 556 400 In
611 342 990 402 ordinatione
1046 342 1210 402 enim
1264 353 1324 402 et
1377 342 1790 402 distributione
1846 341 1946 400 illa
1963 388 1976 413 ,
2034 353 2134 401 aut

150 449 317 490 suum
365 431 618 508 quisque
660 432 930 491 laborem
970 433 1158 492 libere
1195 431 1391 508 eliget,
1434 442 1535 491 aut
1562 432 1984 492 determinatus
2011 433 2134 490 uni·

150 521 370 596 cuique
411 522 587 580 labor
626 522 869 598 publica
909 522 1259 581 auctoritate
1301 522 1658 598 imponetur.
1717 521 1778 580 Si
1820 521 1986 597 optio
2023 521 2134 579 erit

149 609 359 682 libera,
402 612 641 670 labores
670 611 957 683 difficiles,
1002 611 1235 686 ingrati,
1265 611 1585 688 periculosi
1613 611 2134 686 derelinquentur3

151 698 196 758 si
222 700 477 776 publica
504 701 851 760 auctoritate
881 700 1203 776 unicuique
1231 701 1403 760 labor
1422 700 1832 777 assignabitur,
1862 700 2134 759 intolera-

148 789 335 847 bilem
377 789 633 848 habebis
672 792 1009 848 servitutem.

267 873 330 954 c)
375 879 598 938 Nullus
637 881 749 937 erit
785 881 847 938 in
886 881 1128 938 scientiis
1166 881 1264 940 vel
1283 881 1504 938 artibus
1530 889 1886 956 progressus,
1931 879 1980 937 si
2007 897 2133 938 non

150 967 484 1027 admittitur
539 967 848 1028 diversitas
908 979 968 1028 et
1026 969 1418 1044 inaequalitas
1476 979 1745 1028 statuum.
1847 969 2134 1043 Aequalis

150 1059 314 1116 enim
358 1058 581 1117 laboris
622 1058 956 1117 distributio
1012 1058 1371 1118 exclusivam
1423 1059 1486 1116 in
1541 1058 1740 1133 aliqua
1797 1069 1922 1117 arte
1975 1075 2135 1117 exer·

152 1147 500 1206 citationem
542 1147 807 1224 impedit.
866 1149 1149 1207 Ceterum
1186 1149 1558 1208 necessarius
1585 1148 1684 1207 ille
1713 1149 1792 1207 ad
1820 1147 2136 1223 diligenter

150 1236 553 1295 laborandum
596 1237 863 1297 stimulus
905 1238 1153 1297 omnino
1181 1239 1280 1296 vel
1307 1239 1658 1314 plerumque
1689 1239 1896 1296 saltem
1926 1237 2131 1297 deerit.

270 1321 338 1400 d)
380 1326 728 1404 Impossibile
749 1329 867 1403 fiet
904 1347 1086 1404 aequa
1126 1328 1447 1386 distributio
1487 1345 1681 1386 rerum
1723 1329 1785 1385 in
1833 1325 2134 1386 communi

152 1415 599 1490 productarum,
644 1416 786 1491 quia
814 1417 976 1475 nulla
1005 1416 1117 1476 erit
1143 1433 1373 1489 norma,
1419 1417 1748 1475 secundum
1777 1435 1956 1492 quam
1984 1418 2135 1475 haec

155 1503 491 1563 distributio
532 1504 681 1564 iuste
723 1506 852 1564 fieri
892 1505 1097 1582 possit.
1182 1506 1325 1564 Non
1367 1508 1526 1565 solus
1567 1524 1833 1563 numerus
1873 1507 2132 1581 capitum,

154 1611 281 1652 non
309 1601 544 1670 tempus,
585 1613 711 1653 non
728 1597 1067 1672 prae-statie,
1106 1613 1232 1653 non
1260 1596 1572 1669 diligentia,
1610 1613 1736 1654 non
1764 1595 2075 1668 indigentia
2099 1595 2131 1651 ¹.

278 1719 669 1770 Coronas-ium.
726 1713 819 1770 Ex
857 1712 949 1770 his
992 1711 1268 1771 omnibus
1309 1711 1588 1787 sequitur,
1633 1720 1695 1769 ut
1726 1711 1976 1786 quilibet
2003 1728 2134 1768 com-

156 1801 484 1868 munismus,
527 1799 650 1859 sive
693 1800 977 1877 positivus
1018 1801 1141 1860 sive
1175 1801 1500 1876 negativuS,
1545 1819 1742 1877 aequo
1779 1801 1872 1860 vel
1901 1799 2134 1876 potiore

158 1887 285 1948 iure
328 1887 403 1947 sit
446 1889 799 1950 reiciendus

276 2006 356 2063 II.
414 2016 711 2065 Refutatur
746 2016 1113 2065 socialismus
1150 2016 1416 2079 agrariae.

285 2131 337 2169 1.
394 2112 751 2185 Argumenta
792 2116 1068 2187 negative.
1139 2113 1430 2172 Rationes
1471 2114 1648 2185 enim,
1698 2111 1912 2187 quibus
1954 2112 2136 2171 socia-

155 2200 325 2259 listae
360 2200 580 2276 agrarii
609 2220 776 2260 suam
804 2202 1161 2261 sententiam
1190 2212 1588 2279 propugnant,
1631 2201 1690 2260 vi
1719 2202 1882 2260 omni
1912 2210 2133 2260 carent.

276 2292 336 2372 a)
386 2300 660 2358 «Falsum
702 2311 791 2359 est
830 2300 1052 2375 ubique
1088 2300 1356 2376 primitus
1384 2300 1669 2360 exstitisse
1698 2298 2136 2375 possessionem

159 2404 545 2447 communem
591 2388 944 2465 fundorum3
998 2390 1183 2448 immo
1227 2408 1261 2448 e
1304 2390 1603 2449 contrario
1647 2388 1808 2464 apud
1861 2387 2138 2461 antiquis·

156 2474 339 2535 simos
367 2478 655 2553 populos:
701 2478 1037 2551 Hebraeos,
1068 2480 1360 2555 Assyrios,
1391 2478 1722 2555 Aegyptios
1751 2486 1812 2537 et
1840 2476 2134 2545 SinenseS,

156 2566 236 2623 ita
278 2566 581 2625 invenitur
619 2567 917 2643 possessio
958 2587 1240 2643 agrorum
1266 2568 1513 2645 privata,
1557 2579 1620 2627 ut
1648 2566 1978 2626 communis
2007 2584 2137 2641 pos-

156 2655 441 2715 sessionis
482 2656 709 2715 nullum
751 2657 999 2717 omnino
1042 2658 1352 2733 vestigium
1395 2658 1602 2717 adsit.»
1633 2658 1652 2691 ²

275 2739 343 2820 b)
375 2744 541 2803 Nihil
560 2747 717 2806 valet
736 2765 942 2807 eorum
963 2748 1398 2823 argumentatio
1412 2748 1594 2806 haec:
1617 2747 1803 2804 Valor
1823 2755 1911 2804 est
1929 2742 2138 2802 unicus

155 2833 355 2892 titulus
397 2833 580 2893 iustus
621 2834 1015 2912 proprietatis,
1076 2836 1261 2911 Atqui
1291 2837 1480 2895 solum
1509 2854 1634 2894 non
1664 2844 1752 2894 est
1778 2835 2136 2910 productum

283 3001 302 3033 ¹
341 3004 641 3054 Uberiorem
689 3006 839 3054 huius
889 3008 961 3054 rei
1014 3006 1420 3071 explanationem
1458 3006 1672 3055 habebis
1709 3005 1847 3069 apud
1887 3004 2134 3064 Cathrein,

156 3084 349 3133 Philos.
390 3100 516 3133 mor.
555 3103 605 3149 p.
646 3100 676 3135 2
685 3096 711 3150 5
720 3096 747 3150 5
788 3102 930 3152 sqq.;
985 3086 1478 3152 Moralphilosophie
1514 3088 1612 3136 vol.
1652 3088 1716 3148 11,
1761 3104 1814 3152 p.
1855 3098 1958 3134 200
1995 3102 2134 3150 sqq.;

157 3165 267 3215 Der
308 3164 633 3215 Socialismus
672 3163 779 3231 (ed.
815 3165 872 3231 7)
912 3184 965 3232 p.
1004 3166 1066 3217 81
1098 3184 1208 3232 sqq.
1272 3168 1399 3217 Item
1436 3168 1572 3233 apud
1597 3168 1783 3232 Meyer,
1822 3166 1982 3215 Instit.
2022 3166 2137 3214 iuris

158 3253 324 3293 natur.
364 3245 431 3306 ΙΙ,
481 3256 576 3310 155
606 3264 716 3313 sqq.

284 3322 309 3355 ²
344 3325 427 3373 De
464 3326 561 3375 hac
598 3343 652 3375 re
691 3328 894 3378 uberius
921 3328 1058 3393 apud
1088 3328 1338 3387 Cathrein‚
1379 3327 1868 3393 Moralphilosophie
1906 3327 1971 3388 ΙΙ,
2003 3337 2132 3389 247:

164 3406 308 3453 «Das
347 3404 781 3478 Grundeigentum
818 3408 885 3457 im
921 3408 1105 3457 Lichte
1145 3408 1237 3456 der
1274 3408 1636 3457 Geschichte».
