2367 3850
260 193 363 257 346
860 203 1092 242 E‘rch.
1153 203 1294 242 PARS
1333 203 1635 242 SPEcrAMS.

257 370 375 428 que
430 351 834 412 definivimus:
894 354 985 412 ius
1037 352 1330 426 obligandi
1377 352 1628 410 membra
1679 352 1990 422 societatis,
2053 358 2137 410 ut
2193 351 2290 408 ad

254 443 457 501 bonam
498 460 778 500 commune
815 444 933 500 suis
972 442 1183 500 actibus
1223 447 1602 517 cooperentur.

375 535 473 590 Ius
515 549 661 590 vero
715 528 861 590 illud
916 529 1362 590 fundamentale
1409 540 1530 589 tres
1585 529 1856 590 continet
1895 539 2276 606 potestateS,

257 639 411 697 quae
440 619 501 679 in
530 639 651 679 uno
674 621 768 680 vel
797 620 859 678 in
888 621 1153 696 pluribus
1178 619 1457 680 subiectis
1484 619 1746 680 residere
1770 629 2046 695 possunt.
2105 621 2281 680 Sunt

257 720 453 770 autem
494 710 609 770 hae
652 718 1002 786 potestates:

384 820 433 858 1.
490 801 757 860 Potestas
796 798 1117 873 legislativa
1134 821 1153 858 .·
1208 797 1298 857 ius
1347 797 1583 858 ferendi
1630 799 1813 875 legeS,
1871 797 1908 857 i.
1954 816 2011 858 6.
2059 799 2276 859 dandi

254 907 532 948 normam
574 890 982 948 communitati
1027 877 1465 964 obligatoriam,
1509 887 1836 948 secundum
1865 906 2058 964 quam
2101 888 2276 948 socii

255 981 435 1038 finem
478 978 759 1038 socialem
802 979 1117 1054 operando
1158 987 1636 1052 consequantur..

382 1089 432 1127 2.
491 1070 755 1127 Potestas
796 1067 1109 1126 iudzcialis:
1164 1066 1254 1125 ius
1308 1066 1659 1126 declarandi
1708 1085 1813 1126 seu
1852 1021 2274 1144 proponendi

256 1160 415 1216 modo
469 1159 831 1233 obligatarum
888 1174 1189 1232 quaenam
1240 1155 1610 1216 subditorum
1663 1155 1934 1216 actiones
1989 1155 2062 1214 in
2105 1174 2271 1214 con-

256 1257 421 1307 creto
451 1247 565 1306 sint
593 1246 702 1305 iuri
731 1246 1075 1306 conformes
1116 1263 1393 1321 quaeque
1438 1245 1492 1304 ei
1534 1245 1856 1317 difformes,
1902 1254 1963 1303 et
1989 1246 2270 1304 effectus

256 1337 553 1413 legitimos
582 1336 848 1395 eiusdem
876 1335 1310 1395 conformitatis
1345 1345 1446 1395 aut
1481 1335 1878 1394 difformitatis
1905 1333 2262 1393 indicandi.

380 1445 432 1501 3.
476 1428 741 1485 Potestas
782 1426 1126 1484 exsecutiva:
1166 1425 1256 1484 ius
1297 1424 1624 1483 mandandi
1667 1423 2034 1483 exsecutioni
2078 1425 2265 1499 leges

256 1518 402 1574 latas
456 1516 520 1574 in
574 1517 800 1574 bonum
856 1514 1171 1574 societatis,
1255 1517 1405 1573 Tres
1457 1514 1610 1572 haec
1654 1522 1916 1590 potestas
1960 1513 2260 1572 continet

186 1621 191 1626 ·
257 1614 472 1680 parteS,
520 1623 673 1681 quae
715 1613 877 1664 sunt:

376 1690 432 1770 a)
484 1704 747 1771 potestas
778 1694 1194 1768 gubernativa:
1246 1693 1335 1751 ius
1375 1691 1628 1768 regendi
1669 1709 1957 1768 personas
1998 1691 2258 1750 confor-

255 1784 428 1844 miter
469 1783 733 1859 legibus;

376 1868 438 1950 b)
481 1882 741 1949 potestas
781 1872 1280 1931 administrativa:
1319 1871 1408 1931 ius
1450 1870 1700 1930 curandi
1741 1871 1938 1946 bonaz,

376 1958 432 2039 c)
480 1973 741 2046 potestas
782 1964 1028 2021 coactiva
1044 1985 1063 2021 .·
1116 1962 1204 2021 ius
1245 1961 1365 2019 vim
1418 1960 1730 2037 physicam
1784 1960 2122 2020 adhibendi
2178 1961 2250 2019 in

253 2071 540 2129 personas
582 2051 660 2111 ad
702 2051 1192 2110 consecutionem
1232 2052 1363 2110 finis
1405 2050 1641 2110 socialis
1660 2052 1694 2111 ¹.

255 2229 289 2297 ξ
330 2246 376 2281 2.
436 2235 522 2281 De
569 2232 784 2281 iuribus
837 2239 892 2280 et
939 2231 1143 2280 officiis
1190 2230 1489 2293 potestatis
1534 2230 1715 2279 civilis
1754 2229 1900 2279 circa
1937 2230 2182 2279 scholas
2206 2226 2248 2279 ².

374 2356 703 2431 Loquimur
758 2355 857 2412 hic
900 2353 1270 2429 potissimum
1313 2354 1390 2412 de
1448 2354 1666 2411 scholis
1709 2350 2132 2425 elementariiS,
2180 2363 2252 2411 ut

253 2446 381 2503 iura
436 2455 495 2504 et
550 2444 748 2502 officia
804 2443 1202 2514 declaremus,
1262 2460 1418 2517 quae
1474 2460 1546 2499 ex
1593 2444 1719 2517 ipsa
1766 2459 1962 2499 rerum
2014 2448 2248 2499 natura

254 2534 532 2610 potestati
575 2533 732 2591 civili
775 2543 1140 2608 competunt.

375 2625 588 2698 Neque
632 2623 708 2681 de
746 2621 967 2680 iuribus
1010 2632 1069 2679 et
1110 2622 1320 2680 officiis
1349 2620 1658 2679 Ecclesiae
1700 2621 1816 2679 hac
1856 2620 1918 2677 in
1959 2637 2025 2678 re
2054 2620 2244 2679 nobis

254 2724 342 2773 est
370 2711 798 2784 disserendum,
831 2730 966 2769 cum
996 2710 1395 2787 disputatione
1423 2710 1538 2769 hac
1568 2709 1984 2787 philosophica
2006 2709 2242 2768 lumine

379 2925 396 2956 ¹
439 2927 701 2991 Cavagnis,
738 2927 863 2974 Inst.
904 2924 1023 2973 iuris
1058 2923 1200 2989 publ.
1242 2922 1567 2973 ecclesiastici
1604 2939 1654 2987 p.
1697 2932 1779 2985 59.
1821 2921 1904 2971 60.
1946 2921 2030 2985 65.
2075 2928 2167 2981 71.

376 3004 398 3037 ²
434 3008 515 3055 De
552 3007 647 3056 hac
683 3023 738 3055 re
776 3006 878 3070 legi
902 3012 1143 3070 possunt:
1184 3003 1569 3063 Hammcrstein,
1608 3002 1711 3051 Die
1738 3001 2036 3065 Schulfrage
2063 2998 2236 3065 (Frib.

262 3083 451 3149 1877);
494 3088 601 3136 Das
640 3086 949 3152 preussische
988 3084 1392 3149 Schulmonopol
1435 3081 1599 3147 (Frib.
1647 3080 1836 3151 1893).¹
1877 3082 2063 3147 Myer,
2105 3081 2235 3131 Inst.

203 3221 209 3226 ,
253 3168 371 3215 iuris
422 3175 523 3215 nat.
579 3167 628 3215 II
668 3164 829 3230 (Frib.
877 3162 1035 3229 1900)
1092 3182 1142 3230 p.
1186 3174 1485 3227 701—727.
1567 3164 1830 3223 Cathrein‚
1881 3162 2076 3212 Kirche
2126 3162 2237 3210 und

254 3246 592 3295 Volksschule
653 3247 741 3294 mit
801 3246 1114 3295 besonderer
1174 3244 1669 3309 Beriicksichtigung
1728 3242 1998 3292 Preussens
2060 3239 2234 3305 (Frib.

262 3322 453 3386 1896);
512 3324 998 3387 Moralphilosophie
1049 3326 1099 3371 II
1120 3364 1130 3383 ‚
1194 3334 1220 3387 5
1229 3334 1364 3387 57-—
1372 3325 1504 3387 580;
1563 3332 1612 3372 et
1651 3322 1972 3388 Philosophia
2023 3322 2233 3373 moralis

255 3420 306 3465 p.
350 3411 645 3461 397—411.
719 3404 1043 3467 Dupanloup,
1083 3404 1163 3451 De
1201 3404 1508 3453 l'education
1549 3400 1762 3468 (1882).
