2367 3850
1514 13 1541 37 .-
1552 13 1571 16 -·
1602 11 1669 38 Γ*
1678 11 2342 278 *rc-W}

274 227 375 287 284
854 241 1084 277 ETmCA.
1150 239 1289 276 PARS
1329 239 1666 276 GENERALIS.

269 407 343 445 ac
402 397 510 447 est.
596 387 1013 447 Utilitatismus
1068 398 1270 445 autem
1331 397 1391 446 et
1449 387 1826 463 empirismus
1879 386 2126 444 moralis
2169 385 2242 444 in·
2339 401 2341 408 ²

267 477 496 534 ducunt
534 474 931 535 moralitatem
986 476 1358 547 subiectivam,
1405 477 1706 534 relativam
1719 522 1739 546 ‚
1795 478 2026 534 omnino
2078 483 2246 532 muta·

266 565 460 634 bilem,
523 583 677 640 quae
718 563 947 624 seilicet
986 583 1101 623 nec
1144 565 1360 624 eadem
1415 575 1686 624 remanet
1743 565 1809 622 in
1868 565 2093 624 eodem
2149 565 2242 622 ho-

268 652 459 724 mine,
524 672 639 712 nec
695 653 912 712 eadem
967 663 1057 712 est
1109 655 1175 713 in
1219 654 1514 712 omnibus,
1599 654 1832 712 Eadem
1888 654 2056 712 enirn
2098 655 2243 711 actio

268 741 513 802 relative
568 742 647 801 ad
704 741 971 802 diversas
1022 742 1448 818 dispositiones
1504 742 1677 801 unius
1717 753 1778 801 et
1838 741 2113 801 eiusdem
2151 742 2246 798 ho-

268 829 442 890 minis
484 833 580 890 vel
623 831 866 890 relative
924 831 1002 889 ad
1054 831 1326 891 diversos
1379 831 1653 890 homines
1708 832 1949 890 diverso
2007 831 2245 890 omnino

268 919 450 978 modo
493 937 623 980 sese
664 920 890 979 habere
932 931 1132 996 potest
1186 931 1248 979 et
1290 921 1494 996 quoad
1545 923 1888 997 voluptatem
1929 938 2246 996 procuran-

266 1008 405 1066 dam
446 1019 507 1067 et
548 1009 749 1084 quoad
790 1011 1089 1068 utilitatem
1130 1011 1504 1068 afferendam
1547 1020 1606 1069 et
1643 1010 1848 1086 quoad
1873 1011 2242 1086 sympathiam

270 1092 787 1174 (Schopenhauer)
830 1099 1230 1158 excitandam.
2342 1103 2343 1114 ³

390 1216 441 1253 2.
497 1197 817 1256 Praeterea
870 1198 919 1255 si
961 1197 1362 1256 utilitatismus
1401 1199 1498 1257 vel
1555 1198 1932 1274 empirismus
1979 1196 2239 1256 admitte·

267 1295 497 1356 rentur,
559 1285 882 1360 periurium
925 1305 977 1346 e.
1020 1305 1078 1361 g.
1097 1332 1111 1359 ,
1169 1285 1589 1359 homicidium,
1648 1287 1853 1346 odium
1908 1297 2237 1363 parentum,

265 1372 469 1430 odium
512 1374 660 1445 Dei,
723 1375 993 1434 facinora
1035 1375 1239 1434 omnia
1293 1377 1392 1434 vel
1446 1375 1815 1435 atrocissima
1869 1394 1998 1436 non
2053 1377 2233 1434 solum

261 1461 422 1519 licita
438 1507 452 1533 ,
516 1463 625 1522 sed
680 1463 860 1522 etiam
915 1466 1077 1523 bona
1121 1467 1220 1524 vel
1275 1467 1502 1541 optima
1551 1483 1682 1524 esse
1738 1477 2021 1543 possunt:
2081 1466 2236 1522 bona

262 1549 423 1608 enim
465 1561 680 1623 essent,
724 1553 1052 1613 dummodo
1082 1555 1369 1613 afferrent
1393 1556 1760 1630 voluptatem
1787 1556 1884 1614 vel
1911 1555 2232 1624 utilitatem,
2303 1591 2308 1596 -

262 1639 384 1698 sive
427 1638 717 1714 privatam
758 1642 881 1701 sive
922 1643 1222 1718 publicam
1242 1689 1256 1715 ,
1309 1645 1404 1703 vel
1445 1644 1774 1703 excitarent
1827 1643 2232 1720 sympathiam.

263 1727 383 1786 Sed
424 1728 575 1787 haec
618 1730 821 1789 omnia
848 1731 1106 1790 absurda
1132 1749 1282 1804 esse,
1324 1733 1475 1792 ratio
1502 1732 1754 1791 naturali
1783 1734 2052 1808 quodam
2079 1740 2231 1790 motu

264 1817 507 1875 dictitat.

383 1917 454 1973 In
483 1916 800 1976 refutando
827 1935 973 1976 vero
1001 1917 1134 1995 ipso
1162 1919 1517 1995 pessimismi
1543 1917 1845 1996 principio
1875 1940 1911 1977 a
1939 1920 2232 1995 Schopen·

261 2004 446 2063 hauer
486 2016 546 2064 et
573 2008 912 2065 Hartmann
954 2010 1294 2084 excogitato
1331 2028 1458 2069 non
1499 2019 1588 2067 est
1629 2009 1796 2084 quod
1837 2010 2227 2077 immoremur,

262 2111 397 2150 cum
440 2094 579 2153 satis
632 2114 743 2171 per
783 2115 847 2155 se
902 2096 1095 2173 ipsum
1136 2100 1255 2155 hoc
1310 2109 1566 2173 systema
1619 2098 1889 2156 insaniae
1945 2107 2226 2173 arguatur.
2344 2096 2345 2157 1

261 2182 382 2254 Qui
423 2183 711 2242 mundum
768 2185 928 2243 enim
971 2186 1295 2262 pessimum
1337 2206 1465 2246 esse
1508 2188 1689 2247 docet
1728 2186 1835 2258 ita,
1880 2196 1946 2244 ut
2004 2188 2068 2245 in
2105 2185 2226 2260 ipso

258 2271 403 2328 nihil
446 2273 559 2329 nisi
601 2273 839 2332 miseria
880 2275 1244 2347 inveniatur,
1303 2276 1428 2335 eius
1468 2295 1637 2335 mens
1691 2295 1816 2334 non
1859 2274 2228 2352 philosophia

259 2361 365 2418 sed
408 2360 711 2420 medicina
752 2364 1020 2422 curanda
1060 2375 1150 2422 est
1175 2366 1211 2423 ¹.

696 2552 732 2619 ξ
772 2568 819 2605 2.
878 2558 1173 2616 Refutatur
1210 2558 1542 2609 stoiciamus
1581 2560 1782 2609 Kantii.

383 2707 431 2744 1.
476 2687 830 2761 Argumenta
871 2691 1147 2763 negativo,
1233 2692 1472 2750 Etenim
1515 2694 1809 2753 sententia
1849 2694 2007 2753 eius:

374 2770 431 2850 a)
474 2776 713 2835 Nititur
752 2778 973 2835 theoria
1012 2780 1081 2835 de
1120 2780 1338 2838 zadicizk
1381 2782 1697 2856 syntheticzls·
1735 2803 1774 2840 a
1787 2786 2005 2858 priori,
2049 2800 2216 2857 quam

253 2864 381 2923 sine
421 2867 544 2924 ullo
600 2866 992 2925 fundamento
1043 2870 1210 2927 Kant
1263 2871 1442 2944 gratis
1498 2870 1852 2946 excogitavit
1876 2872 1913 2929 '.
1971 2874 2217 2946 Impera-

251 2953 402 3013 tivus
443 2955 604 3013 enim
647 2955 1021 3031 categoricus
1076 2956 1236 3017 iuxta
1289 2958 1483 3035 ipsum
1539 2970 1628 3019 est
1668 2960 1951 3019 iudicium
1997 2960 2214 3036 synthe-

251 3043 432 3101 ticum
476 3064 511 3102 a
552 3045 755 3119 priori.

373 3257 390 3289 ¹
430 3260 565 3323 Quid
603 3262 668 3310 de
706 3263 954 3311 sententia
978 3263 1263 3311 Hartmann
1299 3264 1582 3327 specialiter
1607 3265 1989 3314 existimandum
2022 3265 2093 3325 sit,
2135 3278 2205 3310 ex·

248 3340 505 3401 planatum
543 3340 770 3387 invenies
806 3342 946 3405 apud
988 3342 1238 3391 Gutberlet
1271 3343 1303 3389 l.
1343 3357 1386 3391 c.
1425 3359 1477 3407 p.
1521 3353 1586 3405 73
1625 3361 1737 3408 sqq.

370 3412 391 3443 ²
430 3415 506 3461 Cf.
544 3415 645 3462 vol.
684 3417 723 3475 1,
770 3429 867 3478 113
906 3434 982 3480 sq.
