2367 3850
33 3492 36 3581 1

33 3604 36 3669 l

670 237 747 272 DE
786 237 1269 274 IMMORTALITATE
1309 235 1550 272 ANtMAE.
1998 237 2094 285 149

243 399 295 459 5.
358 384 611 443 Videtur
670 385 835 442 Deus
896 401 969 442 ex
1026 384 1397 459 benignitate
1459 385 1788 443 annihilare
1849 384 2094 455 animaS,

128 482 439 546 postquam
481 472 970 532 coniunctionem
1012 491 1148 531 cum
1191 475 1308 532 suis
1351 473 1731 550 corporibuS‚
1790 491 1944 548 quae
1986 473 2096 532 sibi

126 561 399 620 naturalis
442 561 531 632 sit,
578 560 913 636 amiserint3
956 579 1030 621 eo
1075 563 1200 620 fere
1243 562 1444 633 mode,
1490 580 1612 637 quo
1640 579 1750 620 nos
1780 580 1852 620 ex
1881 561 2100 622 miseri·

126 650 329 708 cordia
367 669 653 710 necamus
694 650 1004 721 aviculam,
1049 669 1204 725 quae
1248 653 1403 710 alam
1446 652 1540 709 vel
1582 651 1804 727 pedem
1845 651 2041 710 amisit
2065 653 2094 710 ¹.

242 757 362 816 Sed
404 767 617 816 contra
658 767 746 816 est
786 758 955 814 firma
996 757 1265 815 omnium
1319 758 1677 833 populorum
1733 757 1811 815 de
1865 757 2098 816 immor-

129 846 341 906 talitate
385 847 624 905 animae
667 846 989 921 persuasio,
1077 846 1289 904 Unde:

239 974 447 1024 Thaeis
486 977 527 1024 1.
597 968 814 1026 Anima
866 969 1119 1026 humana
1174 976 1259 1026 cst
1299 978 1411 1045 per
1464 976 1735 1027 naturam
1790 989 1950 1028 suam
2004 972 2099 1027 im-

133 1060 399 1116 mortalis.

240 1201 435 1249 Status
488 1199 855 1261 quaestionis.
952 1190 1368 1248 Immortalitas
1426 1200 1515 1249 est
1573 1190 2100 1266 incorruptibilitas

130 1280 401 1350 viventis,
460 1289 526 1337 ut
567 1280 772 1337 vivens
814 1289 931 1337 est:
989 1278 1151 1337 idem
1194 1278 1452 1354 proinde
1495 1279 1787 1355 significat
1827 1299 1899 1337 ac
1946 1279 2100 1338 vitae

132 1368 600 1426 inamissibilitas,
664 1369 790 1424 Iam
830 1385 975 1426 vero
1017 1367 1314 1444 triplicem
1357 1367 1723 1443 distinguunt
1765 1368 2102 1426 immortali·

131 1469 301 1516 tatem
328 1459 427 1516 vel
455 1457 613 1514 vitae
641 1455 1219 1516 inamissibilitatem:
1251 1457 1752 1516 immortalitatem
1781 1475 1889 1533 per
1909 1475 2102 1516 essen-

132 1546 283 1614 tiam,
328 1565 441 1622 per
482 1545 750 1621 gratiam,
795 1563 906 1620 per
945 1554 1234 1604 naturam.
1477 1558 1488 1568 ’

244 1636 665 1694 Immortalitas
708 1644 823 1711 per
874 1637 1167 1692 essentiam
1209 1645 1298 1693 est
1336 1634 1494 1693 vitae
1537 1635 1994 1694 inamissibilitas
2041 1635 2101 1694 in

135 1737 289 1795 ente,
337 1725 503 1783 cuius
548 1724 803 1782 essentia
844 1733 933 1783 est
975 1723 1167 1798 ipsum
1210 1716 1436 1796 vivere,
1481 1725 1562 1782 ita
1604 1735 1665 1782 ut
1705 1726 1973 1783 absolute
2016 1743 2101 1784 re-

134 1824 355 1889 pugnet
407 1815 603 1888 ipsum
657 1830 783 1870 non
824 1812 1043 1870 vivere.
1130 1813 1304 1870 Haec
1349 1813 1758 1872 immortalitas
1813 1813 1924 1872 soli
1967 1816 2101 1872 Deo

134 1903 427 1974 convenit,
485 1902 643 1961 iuxta
698 1901 849 1961 haec
891 1902 948 1961 S.
992 1901 1156 1960 Pauli
1199 1902 1277 1961 ad
1318 1901 1701 1962 Timotheum
1744 1899 1796 1978 (1
1844 1903 1997 1961 Tim.
2045 1906 2099 1976 6,

142 2010 222 2069 15.
272 1988 369 2067 16)
412 1992 723 2067 praeclare
765 1990 955 2049 dicta:
1021 1992 1186 2049 «Rex
1229 2008 1436 2067 regum
1484 2002 1543 2050 et
1584 1992 1878 2050 Dominus
1919 1992 2103 2050 domi·

136 2082 415 2154 nantium,
462 2080 566 2156 qui
607 2082 756 2137 solus
795 2080 977 2139 habet
1017 2080 1575 2139 immortalitatem.»

245 2170 669 2229 Immortalitas
710 2178 824 2245 per
867 2172 1126 2244 gratiam
1182 2181 1271 2228 est
1325 2171 1479 2229 vitae
1535 2170 1992 2229 inamissibilitas
2042 2172 2104 2229 in

137 2271 295 2332 ente,
342 2260 509 2318 cuius
550 2268 759 2317 natura
802 2278 873 2317 ex
916 2276 980 2317 se
1019 2258 1213 2318 tendit
1255 2260 1334 2318 ad
1375 2260 1847 2335 corruptionem,
1892 2260 1997 2318 sed
2041 2260 2100 2317 in

138 2349 246 2407 vita
286 2358 557 2408 servatur
596 2348 851 2423 gratuito
882 2348 999 2407 Dei
1028 2348 1263 2406 auxilio.
1334 2349 1544 2407 Talem
1587 2348 1851 2424 theologi
1883 2350 2103 2407 docent

138 2437 302 2497 fuisse
346 2436 525 2513 primi
566 2438 806 2495 hominis
845 2436 1349 2495 immortalitatem
1393 2438 1454 2493 in
1497 2448 1647 2495 statu
1703 2437 2100 2496 innocentiae.

246 2526 669 2602 Immortalitas
711 2535 825 2602 per
877 2532 1148 2583 naturam
1205 2534 1294 2583 est
1347 2525 1502 2584 vitae
1546 2526 2002 2585 inamissibilitas
2043 2527 2102 2583 in

138 2626 281 2687 ente,
329 2615 492 2674 cuius
534 2624 745 2672 natura
784 2616 1011 2672 nullum
1048 2614 1111 2673 in
1140 2633 1204 2673 se
1240 2614 1491 2673 includit
1526 2616 1920 2691 corruptionis
1951 2615 2104 2691 prin-

138 2706 367 2780 cipium,
412 2706 493 2763 ita
535 2712 599 2761 ut
638 2722 755 2762 nec
798 2714 1210 2779 corrumpatur
1251 2721 1360 2779 per
1401 2722 1493 2776 se,
1537 2722 1652 2763 nec
1695 2716 2105 2781 corrumpatur

136 2813 237 2867 per
277 2794 580 2853 accidens

248 2884 484 2942 Dicitur
524 2901 667 2940 vero
712 2885 997 2959 corrumpi
1021 2892 1136 2959 per
1174 2901 1232 2939 se
1272 2882 1363 2953 id,
1409 2881 1572 2941 cuius
1615 2882 1885 2954 essentia,
1929 2896 2105 2959 prout

140 2972 457 3031 formaliter
499 2971 843 3042 exsistebat,
902 2982 1093 3031 cessat
1135 2972 1444 3041 exsistere,
1493 2983 1738 3047 propter
1779 2972 2105 3031 dissolutio-

138 3080 267 3121 nem
310 3064 567 3138 partium
612 3062 845 3120 realiter
882 3061 1306 3131 distinctarum,
1352 3061 1565 3134 quibus
1595 3063 1921 3132 constabat,
1965 3063 2106 3121 licet

142 3151 427 3227 principia
485 3152 585 3208 illa
652 3162 787 3226 post
847 3150 1296 3209 dissolutionem
1371 3161 1668 3208 maneant.
1774 3150 1871 3208 Sic
1944 3152 2105 3231 homo

254 3336 272 3367 ¹
310 3338 423 3385 Has
460 3346 509 3385 et
548 3337 667 3385 alias
705 3338 926 3385 rationes
965 3337 1226 3385 dubitandi
1265 3337 1516 3400 expositas
1544 3336 1767 3385 invenies
1793 3338 1928 3401 apud
1955 3338 2104 3387 Pescla

142 3417 171 3465 l.
206 3435 245 3467 c.
286 3418 381 3479 III,
422 3416 525 3477 486
565 3434 673 3482 sqq.
